<mjloggm ver="2.3"><GO type="169" lobby="0"/><UN n0="%62%75%74%69%74%61%6D%61" n1="%E5%AD%90%E4%BE%9B%E4%BC%9A%E5%93%A1" n2="%73%68%61%70%65%6C%65%72" n3="%E3%83%A9%E3%83%A0%E3%83%80%E3%81%95%E3%82%93" dan="17,17,17,16" rate="2111.10,2199.49,2099.78,2106.81" sx="M,M,M,M"/><TAIKYOKU oya="0"/><INIT seed="0,0,0,1,1,77" ten="250,250,250,250" oya="0" hai0="14,3,1,73,12,26,115,132,104,87,38,55,49" hai1="94,41,83,4,63,30,118,78,102,58,111,117,71" hai2="18,93,33,34,69,9,123,7,54,44,81,42,97" hai3="133,25,46,32,19,82,90,75,56,110,22,21,31"/><T99/><D73/><U68/><E111/><V61/><F18/><W88/><G110/><T113/><D38/><U5/><E41/><V67/><F54/><W0/><G0/><T84/><D132/><U124/><E124/><V106/><F123/><W70/><G70/><T92/><D104/><U62/><E30/><V135/><F135/><W72/><G133/><T27/><D99/><U103/><E94/><V40/><F40/><W35/><G46/><T76/><D92/><U39/><E58/><V59/><F59/><W98/><G56/><T122/><D76/><U128/><E78/><V96/><F96/><W101/><G22/><T80/><D55/><U11/><E11/><V53/><F53/><W121/><G121/><T74/><D49/><U91/><E91/><V36/><F93/><W114/><G114/><T126/><D74/><U108/><E108/><V57/><F57/><W16/><G35/><T17/><D17/><U10/><E10/><V8/><F81/><W29/><G29/><T105/><D105/><U51/><E51/><V86/><F86/><W125/><G125/><T23/><D23/><U116/><E116/><V60/><F9/><W131/><G32/><T52/><D52/><U95/><E95/><V15/><F61/><W130/><G75/><T13/><D13/><U28/><E28/><V43/><F43/><W119/><G72/><T37/><D126/><U50/><E50/><V129/><F129/><N who="3" m="49163" /><G119/><T85/><D122/><U127/><E128/><V100/><AGARI ba="0,0" hai="7,8,15,33,34,36,42,44,60,67,69,97,100,106" machi="100" ten="30,1100,0" yaku="0,1" doraHai="77" who="2" fromWho="2" sc="250,-5,250,-3,250,11,250,-3" /><INIT seed="1,0,0,0,2,61" ten="245,247,261,247" oya="1" hai0="78,68,125,56,35,90,64,20,132,114,121,106,72" hai1="12,103,60,74,36,113,5,101,120,8,38,102,73" hai2="84,89,80,47,85,124,19,37,112,52,97,87,67" hai3="70,31,111,16,98,58,43,26,127,100,13,99,91"/><U118/><E120/><V135/><F112/><W45/><G70/><T133/><D35/><U128/><E113/><V46/><F37/><W93/><G111/><T55/><D114/><U77/><E118/><V39/><F39/><W29/><G127/><T42/><D121/><U110/><E128/><V96/><F124/><W95/><G58/><T129/><D125/><U2/><E110/><V17/><F135/><N who="0" m="51786" /><D129/><U63/><E2/><V23/><F19/><W57/><G26/><T24/><D106/><U75/><E77/><V83/><F67/><W81/><G81/><N who="0" m="45255" /><D42/><U30/><E63/><V115/><F115/><W76/><G76/><T22/><D90/><U104/><E104/><V82/><F89/><W34/><G34/><T9/><D9/><U62/><E62/><V54/><F17/><W66/><G57/><T51/><D24/><U50/><E30/><V86/><F23/><N who="0" m="8746" /><D68/><U48/><E38/><V21/><F21/><N who="3" m="11407" /><G29/><T130/><D130/><U79/><E36/><V116/><F116/><W25/><G25/><T108/><D108/><U28/><E28/><V41/><F41/><W44/><G31/><T49/><D49/><U107/><E107/><V117/><F117/><W32/><G32/><T1/><D1/><U53/><REACH who="1" step="1"/><E79/><REACH who="1" ten="245,237,261,247" step="2"/><V119/><F119/><W122/><G122/><T123/><D123/><U3/><E3/><V88/><F83/><W65/><G43/><T6/><D51/><U94/><E94/><V134/><F80/><W33/><G33/><T14/><D55/><N who="2" m="21034" /><F134/><W71/><G71/><T109/><D109/><U40/><E40/><V131/><F131/><RYUUKYOKU ba="0,1" sc="245,-30,237,10,261,10,247,10" hai1="5,8,12,48,50,53,60,73,74,75,101,102,103" hai2="46,47,82,84,85,86,87,88,96,97" hai3="44,45,65,66,91,93,95,98,99,100" /><INIT seed="1,1,1,1,0,114" ten="215,247,271,257" oya="1" hai0="47,126,95,66,63,77,5,51,118,119,76,72,45" hai1="129,88,111,46,26,19,85,20,124,105,84,73,113" hai2="24,122,91,115,52,56,64,22,74,135,67,16,7" hai3="21,3,2,134,14,27,59,121,71,61,128,31,44"/><U92/><E113/><V25/><F74/><W131/><G121/><T110/><D110/><U68/><E129/><N who="3" m="49738" /><G71/><T97/><D126/><U36/><E124/><V83/><F122/><W53/><G134/><T103/><D5/><U1/><E111/><V4/><F115/><W81/><G81/><T12/><D12/><U43/><E73/><V62/><F25/><W8/><G44/><T86/><D72/><U78/><E105/><V17/><F17/><AGARI ba="1,1" hai="2,3,8,14,17,21,27,31,53,59,61" m="49738" machi="17" ten="30,1000,0" yaku="19,1" doraHai="114" who="3" fromWho="2" sc="215,0,247,0,271,-13,257,23" /><INIT seed="2,0,0,3,0,104" ten="215,247,258,280" oya="2" hai0="116,6,3,79,106,44,122,66,1,107,119,69,125" hai1="64,15,8,13,62,126,135,134,68,94,45,60,76" hai2="47,34,9,115,133,2,41,22,96,127,5,113,7" hai3="42,111,58,36,71,100,87,97,95,30,81,54,14"/><V110/><F34/><W98/><G71/><T85/><D122/><U77/><E126/><V24/><F127/><W73/><G111/><T65/><D125/><U93/><E45/><V78/><F7/><W20/><G36/><T86/><D44/><U59/><E59/><V114/><F110/><W48/><G42/><T17/><D17/><U118/><E8/><V55/><F55/><W83/><G73/><T23/><D23/><U46/><E46/><V131/><F96/><N who="3" m="59423" /><G83/><T21/><D21/><U103/><E103/><V112/><F133/><W53/><G53/><T124/><D124/><U74/><E74/><V109/><F109/><W123/><G123/><T33/><D33/><U99/><E99/><V120/><F120/><W92/><G92/><T16/><D16/><U80/><E80/><V61/><F61/><W56/><G56/><T84/><D79/><U35/><E35/><V75/><F131/><W39/><G39/><T82/><D82/><U27/><E118/><N who="0" m="45097" /><D6/><U70/><REACH who="1" step="1"/><E27/><REACH who="1" ten="215,237,258,280" step="2"/><V28/><F115/><W121/><G121/><T43/><D69/><U0/><E0/><N who="0" m="73" /><D43/><U12/><E12/><V102/><F102/><W51/><G14/><T38/><D38/><U31/><E31/><V67/><F67/><AGARI ba="0,1" hai="65,66,67,84,85,86,106,107" m="73,45097" machi="67" ten="40,5200,0" yaku="28,2,12,1" doraHai="104" who="0" fromWho="2" sc="215,62,237,0,258,-52,280,0" /><AGARI ba="0,0" hai="13,15,60,62,64,67,68,70,76,77,93,94,134,135" machi="67" ten="25,8000,1" yaku="1,1,22,2,53,2" doraHai="104" doraHaiUra="130" who="1" fromWho="2" sc="277,0,237,80,206,-80,280,0" /><INIT seed="3,0,0,5,0,92" ten="277,317,126,280" oya="3" hai0="80,81,67,56,59,108,86,135,15,98,105,46,128" hai1="11,16,57,19,106,113,42,52,27,44,127,85,83" hai2="96,32,118,13,104,110,51,129,87,93,26,12,41" hai3="114,39,133,71,24,54,2,100,121,120,29,109,55"/><W23/><G114/><T31/><D108/><U6/><E113/><V72/><F72/><W63/><G39/><T7/><D135/><U94/><E106/><V30/><F118/><W38/><G38/><T112/><D112/><U62/><E127/><V88/><F110/><W90/><G2/><T134/><D134/><U95/><E27/><V73/><F73/><W78/><G133/><T124/><D124/><U47/><E6/><V70/><F70/><W22/><G109/><T3/><D3/><U48/><E47/><V9/><F129/><W66/><G78/><T25/><D128/><U0/><E0/><V115/><F115/><W74/><G74/><T20/><D46/><U34/><E34/><V119/><F13/><W10/><G10/><T45/><D45/><U111/><E111/><V43/><F51/><W82/><G100/><T116/><D116/><U53/><E42/><V35/><F35/><W14/><G82/><T97/><D81/><U126/><E126/><V50/><F50/><W117/><G117/><T99/><D67/><U18/><E11/><V64/><F64/><W69/><G69/><T75/><D105/><U131/><E131/><V61/><F61/><W8/><G23/><T49/><D49/><U122/><E122/><N who="3" m="47210" /><G90/><AGARI ba="0,0" hai="16,18,19,44,48,52,53,57,62,83,85,90,94,95" machi="90" ten="40,5200,0" yaku="8,1,54,2" doraHai="92" who="1" fromWho="3" sc="277,0,317,52,126,0,280,-52" /><INIT seed="4,0,0,4,3,131" ten="277,369,126,228" oya="0" hai0="11,43,50,32,48,112,54,26,38,128,106,100,8" hai1="86,2,63,99,115,52,92,97,14,95,101,132,34" hai2="19,28,119,59,78,118,133,33,81,30,66,29,77" hai3="20,55,56,65,130,71,114,82,23,10,68,85,18"/><T13/><D128/><U83/><E2/><V110/><F33/><W116/><G130/><T121/><D121/><U0/><E0/><V117/><F110/><W120/><G116/><T111/><D111/><U58/><E34/><V107/><F107/><W31/><G120/><T79/><D112/><U35/><E35/><V25/><F81/><W109/><G109/><T6/><D38/><U96/><E132/><V113/><F113/><W47/><G114/><T40/><D79/><N who="1" m="46463" /><E115/><V88/><F88/><W126/><G126/><T123/><D123/><U37/><E37/><V75/><F75/><W122/><G122/><T90/><D50/><U62/><E62/><V61/><F133/><W3/><G3/><T22/><D32/><U127/><E127/><V103/><F103/><W76/><G71/><T45/><D90/><N who="1" m="55319" /><E99/><V73/><F73/><W93/><G68/><T70/><D70/><U1/><E1/><V17/><F25/><W135/><G135/><T69/><D69/><U15/><AGARI ba="0,0" hai="14,15,52,58,63,95,97,101" m="55319,46463" machi="15" ten="30,2000,0" yaku="8,1,54,1" doraHai="131" who="1" fromWho="1" sc="277,-10,369,20,126,-5,228,-5" /><INIT seed="5,0,0,3,0,67" ten="267,389,121,223" oya="1" hai0="108,82,125,0,110,39,75,77,120,60,41,132,51" hai1="3,23,58,128,121,107,12,131,106,43,11,81,4" hai2="102,119,59,78,52,123,113,103,69,30,95,16,47" hai3="64,26,56,14,99,87,72,122,76,112,130,88,46"/><U65/><E121/><V85/><F69/><W96/><G122/><T133/><D120/><U18/><E43/><V24/><F119/><W57/><G112/><T134/><D51/><U91/><E58/><V8/><F47/><W114/><G114/><T73/><D125/><U116/><E65/><V109/><F109/><W100/><G130/><N who="1" m="49706" /><E116/><V10/><F123/><W66/><G72/><T79/><D60/><U104/><E81/><V35/><F113/><W124/><G124/><T93/><D93/><U45/><E45/><V126/><F126/><W19/><G46/><N who="0" m="23871" /><D0/><U135/><E91/><V20/><F102/><W62/><G76/><T48/><D48/><U115/><E115/><V70/><F70/><W97/><G100/><T25/><D25/><U54/><E54/><V31/><F31/><W84/><G26/><T49/><D49/><U86/><E86/><V74/><F74/><W6/><G87/><T7/><D7/><U44/><E44/><V71/><F71/><W32/><G6/><T92/><D92/><U90/><E90/><V105/><F105/><W5/><G5/><T98/><D98/><U15/><E3/><V36/><F36/><W94/><G99/><T118/><D118/><U53/><E53/><V37/><F37/><W1/><G1/><T63/><D63/><U38/><E38/><V29/><F78/><W117/><G117/><T34/><D79/><U40/><E40/><V42/><F42/><W2/><G2/><T101/><D73/><U9/><E106/><V21/><F85/><W27/><G84/><T55/><D75/><U80/><E107/><RYUUKYOKU ba="0,0" sc="267,0,389,0,121,0,223,0" /><INIT seed="6,1,0,5,3,100" ten="267,389,121,223" oya="2" hai0="130,121,87,54,36,66,32,132,102,8,101,39,94" hai1="68,77,123,42,133,18,56,135,84,40,131,28,27" hai2="50,45,61,15,117,75,128,0,119,57,96,44,23" hai3="17,80,88,82,30,5,63,3,81,52,38,104,11"/><V70/><F0/><W21/><G38/><T74/><D121/><U107/><E68/><V37/><F75/><W126/><G126/><T83/><D74/><U120/><E107/><V14/><F70/><W78/><G30/><T33/><D132/><N who="1" m="50763" /><E18/><V95/><F37/><W129/><G129/><T113/><D113/><U60/><E131/><V29/><F128/><W79/><G104/><T91/><D130/><U99/><E99/><V55/><F117/><W2/><G2/><T124/><D124/><U46/><E84/><V65/><F44/><W6/><G6/><T72/><D66/><N who="1" m="39175" /><E77/><V114/><F114/><W106/><G106/><T41/><D39/><N who="1" m="21791" /><E42/><V115/><F115/><W134/><G134/><T58/><D8/><U93/><E93/><V59/><F45/><W31/><G31/><T73/><D73/><U49/><E49/><V108/><F108/><W118/><G118/><T110/><D110/><U35/><AGARI ba="1,0" hai="27,28,35,120,123" m="21791,39175,50763" machi="35" ten="30,1100,0" yaku="20,1" doraHai="100" who="1" fromWho="1" sc="267,-4,389,14,121,-6,223,-4" /><INIT seed="7,0,0,2,1,109" ten="263,403,115,219" oya="3" hai0="108,97,53,99,75,74,21,16,15,124,93,6,123" hai1="125,79,117,130,34,70,10,49,17,27,71,128,1" hai2="37,104,22,76,26,63,19,66,84,112,44,132,0" hai3="5,73,2,46,9,107,81,101,56,51,54,100,89"/><W103/><G107/><T133/><D108/><U58/><E125/><V113/><F104/><W106/><G106/><T20/><D123/><U90/><E79/><V118/><F0/><W7/><G7/><T92/><D124/><U29/><E90/><V12/><F118/><W95/><G73/><T41/><D133/><U33/><E33/><V30/><F132/><W60/><G81/><T129/><D129/><N who="1" m="49771" /><E117/><V55/><F84/><W114/><G114/><N who="2" m="44137" /><F76/><W121/><G121/><T47/><D53/><N who="1" m="32047" /><E17/><V127/><F127/><W115/><G115/><T67/><D67/><U72/><E72/><V94/><F94/><W14/><G2/><T69/><D6/><AGARI ba="0,0" hai="1,6,10,27,29,34,70,71" m="32047,49771" machi="6" ten="30,1000,0" yaku="19,1" doraHai="109" who="1" fromWho="0" sc="263,-10,403,10,115,0,219,0" owari="253,5.0,413,51.0,115,-38.0,219,-18.0" /></mjloggm>