<mjloggm ver="2.3"><GO type="169" lobby="0"/><UN n0="%6D%65%24%6F" n1="%E3%83%94%E3%83%A7%E3%83%B3%E5%90%89" n2="%E3%81%82%E3%81%84%E3%81%82%E3%81%8A%E3%81%84" n3="%E2%99%AA%E3%82%A6%E3%82%B5%E3%82%AE%E2%99%AA" dan="17,17,19,16" rate="2155.01,2097.90,2268.38,2048.43" sx="M,F,M,F"/><TAIKYOKU oya="0"/><INIT seed="0,0,0,5,4,56" ten="250,250,250,250" oya="0" hai0="20,98,67,22,102,110,94,90,42,50,29,46,115" hai1="130,134,62,85,60,47,118,11,81,125,5,127,132" hai2="107,54,15,72,97,108,131,84,0,23,14,80,64" hai3="44,52,3,53,9,113,35,13,133,74,70,59,24"/><T45/><D115/><U18/><E18/><V30/><F0/><W41/><G113/><T129/><D129/><U49/><E118/><V16/><F72/><W58/><G133/><N who="1" m="51306" /><E130/><V19/><F131/><W124/><G74/><T86/><D110/><U95/><E95/><V31/><F108/><W91/><G70/><T27/><D46/><U10/><E85/><V7/><F7/><W79/><G79/><T39/><D39/><U99/><E99/><V55/><F64/><W121/><G121/><T17/><D67/><U89/><E89/><V61/><F97/><W36/><G124/><N who="1" m="47690" /><E81/><V6/><F6/><W77/><G91/><T71/><D71/><U73/><E73/><V96/><F96/><W117/><G77/><T100/><REACH who="0" step="1"/><D98/><REACH who="0" ten="240,250,250,250" step="2"/><U57/><E57/><N who="2" m="35007" /><F107/><W101/><G117/><T78/><D78/><U38/><E38/><V123/><F123/><W69/><G69/><T126/><D126/><U43/><E11/><N who="2" m="6655" /><F54/><W25/><G52/><T12/><AGARI ba="0,1" hai="12,17,20,22,27,29,42,45,50,86,90,94,100,102" machi="12" ten="20,7800,0" yaku="1,1,0,1,7,1,8,1,53,0" doraHai="56" doraHaiUra="2" who="0" fromWho="0" sc="240,88,250,-26,250,-26,250,-26" /><INIT seed="0,1,0,5,3,64" ten="328,224,224,224" oya="0" hai0="86,116,57,45,125,84,134,46,98,13,78,129,71" hai1="59,85,108,9,25,122,3,74,42,91,6,75,60" hai2="114,39,101,20,12,22,15,107,123,104,70,49,4" hai3="109,88,135,66,41,127,38,93,14,55,23,62,106"/><T61/><D116/><U21/><E122/><V99/><F39/><W53/><G106/><T69/><D129/><U117/><E108/><V28/><F107/><W0/><G0/><T92/><D125/><U58/><E117/><V27/><F114/><W17/><G127/><T124/><D124/><U105/><E105/><V113/><F113/><W68/><G109/><T112/><D112/><U52/><E42/><V36/><F36/><W77/><G77/><T51/><D134/><U26/><E59/><V94/><F123/><W110/><G135/><T56/><D13/><U30/><REACH who="1" step="1"/><E26/><REACH who="1" ten="328,214,224,224" step="2"/><V31/><F104/><W43/><G110/><T5/><D57/><U132/><E132/><V8/><F70/><W24/><G43/><T7/><D56/><U37/><E37/><V48/><F15/><W54/><G41/><T33/><D69/><U82/><AGARI ba="1,1" hai="3,6,9,21,25,30,52,58,60,74,75,82,85,91" machi="82" ten="20,5200,0" yaku="1,1,0,1,7,1,54,1,53,0" doraHai="64" doraHaiUra="44" who="1" fromWho="1" sc="328,-27,214,65,224,-14,224,-14" /><INIT seed="1,0,0,4,1,80" ten="301,279,210,210" oya="1" hai0="85,47,11,7,98,135,127,108,27,105,24,119,41" hai1="37,101,0,134,69,54,26,8,49,63,10,3,29" hai2="66,133,17,58,95,93,86,31,88,96,125,42,115" hai3="68,122,1,73,78,81,91,51,103,16,129,32,72"/><U40/><E134/><V128/><F133/><W130/><G1/><T92/><D135/><U5/><E101/><V106/><F115/><W25/><G68/><T77/><D119/><U20/><E40/><V82/><F125/><W114/><G114/><T39/><D127/><U61/><E37/><V94/><F128/><W56/><G122/><T71/><D71/><U59/><REACH who="1" step="1"/><E69/><REACH who="1" ten="301,269,210,210" step="2"/><V102/><F42/><W107/><G103/><T2/><D108/><U21/><E21/><V6/><F106/><W30/><G107/><T76/><D105/><U34/><E34/><V14/><F31/><W35/><G32/><T100/><D76/><U110/><E110/><V57/><F6/><AGARI ba="0,1" hai="0,3,5,6,8,10,20,26,29,49,54,59,61,63" machi="6" ten="40,3900,0" yaku="1,1,9,1,53,0" doraHai="80" doraHaiUra="36" who="1" fromWho="2" sc="301,0,269,49,210,-39,210,0" /><INIT seed="1,1,0,5,0,122" ten="301,318,171,210" oya="1" hai0="111,24,80,101,37,36,114,5,0,103,4,12,20" hai1="125,124,102,76,115,79,131,119,99,70,109,49,61" hai2="54,33,46,15,129,72,43,60,86,108,96,57,71" hai3="52,45,69,104,63,97,121,53,42,8,116,3,68"/><U83/><E115/><V132/><F72/><W17/><G121/><T87/><D114/><U27/><E119/><V21/><F33/><W58/><G116/><T128/><D128/><U47/><E131/><V81/><F129/><W26/><G3/><T100/><D0/><U13/><E27/><V126/><F132/><W94/><G104/><T51/><D51/><U50/><E13/><V77/><F71/><W16/><G53/><T78/><D111/><U31/><E31/><V73/><F126/><W18/><G8/><T110/><D110/><U107/><E109/><V40/><F108/><W14/><G14/><T7/><REACH who="0" step="1"/><D12/><REACH who="0" ten="291,318,171,210" step="2"/><U82/><E50/><V67/><F15/><W22/><G68/><T6/><N who="0" m="1024" /><DORA hai="41" /><T92/><D92/><U117/><E117/><V1/><F1/><W135/><G69/><T29/><AGARI ba="1,1" hai="20,24,29,36,37,78,80,87,100,101,103" m="1024" machi="29" ten="50,3200,0" yaku="1,1,0,1,53,0" doraHai="122,41" doraHaiUra="44,84" who="0" fromWho="0" sc="291,45,318,-17,171,-9,210,-9" /><INIT seed="2,0,0,5,3,120" ten="336,301,162,201" oya="2" hai0="13,77,85,38,37,114,113,27,16,69,96,126,64" hai1="48,20,130,23,98,134,51,76,111,12,88,78,127" hai2="90,56,2,54,33,116,58,93,61,80,131,99,49" hai3="94,71,7,30,72,21,82,75,60,89,79,35,52"/><V24/><F2/><W41/><G35/><T68/><D126/><U8/><E127/><V34/><F116/><W135/><G135/><T10/><D96/><U91/><E134/><V14/><F131/><W103/><G41/><T125/><D125/><U25/><E130/><V102/><F24/><W118/><G118/><T112/><D27/><U128/><E128/><V15/><F34/><W73/><G7/><T55/><D55/><U84/><E98/><V45/><F33/><W67/><G103/><T74/><D74/><U22/><E25/><V59/><F61/><W101/><G101/><T83/><REACH who="0" step="1"/><D64/><REACH who="0" ten="326,301,162,201" step="2"/><U1/><E1/><V11/><F11/><W3/><G3/><T65/><D65/><U28/><E8/><V86/><AGARI ba="0,1" hai="14,15,45,49,54,56,58,59,80,86,90,93,99,102" machi="86" ten="30,3000,0" yaku="0,1,8,1" doraHai="120" who="2" fromWho="2" sc="326,-10,301,-10,162,40,201,-10" /><INIT seed="2,1,0,5,4,68" ten="316,291,202,191" oya="2" hai0="76,50,98,73,116,94,81,99,95,80,120,13,10" hai1="104,93,0,14,23,31,16,101,118,72,66,30,129" hai2="134,24,127,59,36,52,48,122,15,124,46,41,57" hai3="37,70,105,62,5,132,84,103,33,40,111,26,114"/><V25/><F122/><W32/><G111/><T8/><D50/><U1/><E104/><V39/><F134/><W89/><G132/><T4/><D120/><U38/><E72/><V27/><F15/><W61/><G61/><T67/><D116/><U20/><E66/><V123/><F123/><W60/><G60/><T82/><D67/><U18/><E101/><V97/><F97/><W42/><G42/><T86/><D10/><U87/><E93/><N who="0" m="35337" /><D73/><U91/><E87/><V119/><F119/><W85/><G84/><N who="0" m="48135" /><D81/><U17/><E91/><AGARI ba="1,0" hai="4,8,13,82,86,91,98,99" m="48135,35337" machi="91" ten="30,1000,0" yaku="8,1" doraHai="68" who="0" fromWho="1" sc="316,13,291,-13,202,0,191,0" /><INIT seed="3,0,0,4,5,15" ten="329,278,202,191" oya="3" hai0="59,63,41,46,115,18,1,98,19,44,10,74,34" hai1="127,78,76,42,36,90,14,67,102,125,110,35,100" hai2="75,79,55,12,25,116,94,22,92,87,13,126,37" hai3="24,72,27,29,91,101,64,62,3,109,103,131,60"/><W71/><G131/><T114/><D34/><U124/><E35/><V85/><F37/><W122/><G122/><T135/><D135/><U132/><E132/><V123/><F116/><W69/><G3/><T5/><D74/><U61/><E110/><V51/><F123/><W56/><G72/><T33/><D33/><U0/><E0/><V20/><F75/><W112/><G109/><T95/><D59/><N who="1" m="37311" /><E90/><V104/><F104/><W121/><G121/><T45/><D63/><U11/><E42/><V117/><F117/><W39/><G39/><T107/><D107/><U4/><E36/><V70/><F70/><W133/><G133/><T2/><D2/><U54/><E54/><V65/><F65/><W105/><G112/><N who="0" m="43051" /><D41/><U38/><E38/><V40/><F40/><W26/><G105/><T47/><D47/><U80/><E78/><V28/><F126/><W118/><G118/><T111/><D111/><U83/><E83/><N who="2" m="47359" /><F87/><AGARI ba="0,0" hai="4,11,14,76,80,87,100,102,124,125,127" m="37311" machi="87" ten="30,1000,0" yaku="18,1" doraHai="15" who="1" fromWho="2" sc="329,0,278,10,202,-10,191,0" /><INIT seed="4,0,0,1,4,78" ten="329,288,192,191" oya="0" hai0="124,115,0,41,44,77,36,93,116,122,117,134,108" hai1="5,28,102,31,131,49,127,94,63,70,73,43,4" hai2="32,30,12,40,60,8,20,42,1,35,21,57,87" hai3="110,97,62,130,38,88,17,95,50,91,96,99,133"/><T104/><RYUUKYOKU type="yao9" ba="0,0" sc="329,0,288,0,192,0,191,0" hai0="0,36,41,44,77,93,104,108,115,116,117,122,124,134" /><INIT seed="4,1,0,0,4,49" ten="329,288,192,191" oya="0" hai0="96,104,124,6,9,93,63,4,68,89,102,132,88" hai1="56,5,78,37,16,32,10,108,13,67,62,134,133" hai2="17,53,77,84,57,110,86,52,123,34,106,23,98" hai3="29,8,44,11,91,94,50,95,59,19,131,66,22"/><T101/><D124/><U12/><E108/><V111/><F34/><W46/><G131/><T51/><D132/><N who="1" m="50795" /><E37/><V76/><F123/><W74/><G74/><T28/><D28/><U24/><E78/><N who="2" m="30315" /><F106/><W45/><G29/><T1/><D4/><U64/><E32/><V135/><F111/><W116/><G116/><T113/><D113/><U15/><E67/><V55/><F110/><W90/><G66/><T73/><D73/><U126/><E126/><V128/><F128/><W129/><G129/><T30/><D30/><U14/><E24/><N who="2" m="14447" /><F135/><W87/><G59/><T18/><D18/><AGARI ba="1,0" hai="5,10,12,13,14,15,16,18,56,62,64" m="50795" machi="18" ten="30,2000,0" yaku="20,1,54,1" doraHai="49" who="1" fromWho="0" sc="329,-23,288,23,192,0,191,0" /><INIT seed="5,0,0,5,1,93" ten="306,311,192,191" oya="1" hai0="8,2,133,19,127,13,103,109,84,99,54,25,80" hai1="64,97,70,113,7,66,123,6,50,132,10,28,24" hai2="12,100,108,96,46,104,115,135,120,89,52,87,47" hai3="26,101,34,81,61,114,45,9,117,43,18,68,35"/><U30/><E123/><V31/><F108/><W129/><G114/><T49/><D109/><U40/><E113/><V55/><F115/><W78/><G129/><T23/><D127/><U124/><E124/><V86/><F120/><W1/><G117/><T27/><D133/><U83/><E132/><V5/><F135/><W29/><G101/><T11/><D2/><U17/><E83/><V110/><F31/><W63/><G35/><T39/><D39/><U73/><E73/><V48/><F110/><W21/><G68/><T62/><D62/><U88/><E70/><V38/><F38/><W74/><G21/><T41/><D41/><U71/><E71/><V32/><F32/><W130/><G18/><T16/><D8/><U91/><E17/><V15/><F5/><W69/><G69/><T76/><D25/><U65/><E24/><V53/><F87/><W82/><G81/><T107/><D54/><U106/><E106/><V22/><F22/><W75/><G74/><T128/><REACH who="0" step="1"/><D49/><REACH who="0" ten="296,311,192,191" step="2"/><U134/><E134/><V14/><REACH who="2" step="1"/><F48/><REACH who="2" ten="296,311,182,191" step="2"/><W37/><G130/><AGARI ba="0,2" hai="11,13,16,19,23,27,76,80,84,99,103,107,128,130" machi="130" ten="40,8000,1" yaku="1,1,2,1,52,1,54,1,53,1" doraHai="93" doraHaiUra="102" who="0" fromWho="3" sc="296,100,311,0,182,0,191,-80" /><INIT seed="6,0,0,5,5,73" ten="396,311,182,111" oya="2" hai0="14,9,123,32,25,113,31,97,37,72,46,11,34" hai1="130,61,89,78,103,85,4,27,19,29,105,117,24" hai2="38,106,90,8,104,44,80,28,36,33,18,76,20" hai3="115,13,118,111,125,95,122,22,120,15,93,107,81"/><V45/><F8/><W62/><G118/><T86/><D72/><U59/><E117/><V124/><F124/><W102/><G111/><T100/><D123/><U101/><E105/><V52/><F90/><W92/><G125/><T23/><D86/><U17/><E4/><V75/><F28/><W6/><G62/><T128/><D128/><U57/><E78/><V74/><F33/><W16/><G115/><T131/><D131/><U135/><E135/><V54/><F80/><W58/><G58/><T114/><D46/><U60/><E85/><V119/><F119/><W69/><G69/><T55/><D55/><U77/><E77/><V110/><F18/><W56/><G56/><T3/><D37/><U87/><E87/><V134/><F76/><W79/><G6/><N who="0" m="1247" /><D97/><U40/><E130/><V66/><F66/><W53/><G53/><T132/><D100/><U68/><E68/><V50/><F20/><W47/><G47/><T48/><D132/><U41/><E29/><V99/><F99/><W65/><G65/><T84/><D84/><U109/><E109/><V42/><F134/><W39/><G39/><T108/><D108/><U116/><E116/><V51/><REACH who="2" step="1"/><F110/><REACH who="2" ten="396,311,172,111" step="2"/><W88/><G120/><T129/><D129/><U10/><E10/><V121/><F121/><W26/><G122/><T91/><D91/><AGARI ba="0,1" hai="17,19,24,27,40,41,57,59,60,61,89,91,101,103" machi="91" ten="25,3200,0" yaku="22,2,8,1" doraHai="73" who="1" fromWho="0" sc="396,-32,311,42,172,0,111,0" /><INIT seed="7,0,0,3,4,73" ten="364,353,172,111" oya="3" hai0="19,72,44,0,132,128,70,63,131,13,58,130,105" hai1="71,80,7,100,53,9,68,103,66,115,75,87,43" hai2="108,29,64,129,78,4,38,30,65,119,104,113,92" hai3="24,21,26,89,52,18,48,15,124,95,67,62,133"/><W112/><G112/><T81/><D0/><U8/><E75/><V101/><F104/><W14/><G133/><T28/><D132/><U10/><E115/><V46/><F113/><W51/><G124/><T85/><D72/><U82/><E7/><V5/><F119/><W118/><G118/><T120/><D120/><U90/><E43/><V36/><F46/><W57/><G48/><T110/><D110/><U50/><E66/><V55/><F55/><W34/><G34/><T3/><D3/><U107/><E107/><V23/><F23/><W135/><G15/><T94/><D105/><U25/><E25/><V1/><F1/><W37/><G37/><T91/><D28/><U125/><E125/><V22/><F22/><W117/><G117/><T77/><D44/><N who="1" m="27847" /><E68/><V126/><F126/><W106/><G106/><T33/><D33/><U86/><E71/><V42/><F38/><W99/><REACH who="3" step="1"/><G135/><REACH who="3" ten="364,353,172,101" step="2"/><T98/><D13/><U88/><AGARI ba="0,1" hai="8,9,10,80,82,86,87,88,90,100,103" m="27847" machi="88" ten="30,2000,0" yaku="8,1,54,1" doraHai="73" who="1" fromWho="1" sc="364,-5,353,30,172,-5,101,-10" owari="359,16.0,383,48.0,167,-23.0,91,-41.0" /></mjloggm>