<mjloggm ver="2.3"><GO type="169" lobby="0"/><UN n0="%46%75%72%75%79%61" n1="%E3%83%A1%E3%82%A4%E3%82%A2%E3%82%AF%E3%83%88" n2="%4B%53%4D%43" n3="%E3%81%AD%E3%81%98%E3%81%BE%E3%81%8D%E9%B3%A5%E2%88%AE" dan="17,17,16,16" rate="2130.99,2185.84,2072.07,2092.01" sx="M,M,M,M"/><TAIKYOKU oya="0"/><INIT seed="0,0,0,1,1,21" ten="250,250,250,250" oya="0" hai0="135,35,23,54,117,29,3,56,93,80,121,106,11" hai1="10,71,130,17,53,95,109,14,28,81,116,124,133" hai2="104,103,45,75,79,20,61,6,105,134,26,111,72" hai3="120,66,47,82,41,46,25,44,8,67,58,119,63"/><T113/><D121/><U77/><E71/><V39/><F111/><W0/><G119/><T70/><D117/><U127/><E116/><V50/><F39/><W97/><G120/><T89/><D106/><U110/><E130/><V30/><F105/><W84/><G66/><T33/><D113/><U22/><E95/><V36/><F36/><W16/><G97/><T48/><D70/><U102/><E102/><V123/><F123/><W83/><G41/><T24/><D135/><U60/><E60/><V76/><F6/><W13/><G0/><T38/><D38/><U99/><E99/><V78/><F61/><W31/><REACH who="3" step="1"/><G84/><REACH who="3" ten="250,250,250,240" step="2"/><T73/><D3/><U125/><E133/><V55/><REACH who="2" step="1"/><F134/><REACH who="2" ten="250,250,240,240" step="2"/><W43/><G43/><T7/><D7/><U114/><E114/><V129/><F129/><W86/><G86/><T34/><D73/><U59/><E110/><V87/><F87/><W112/><G112/><T18/><D80/><U51/><E109/><V108/><F108/><W92/><G92/><T115/><D115/><U96/><E81/><V131/><F131/><W4/><G4/><T12/><REACH who="0" step="1"/><D35/><AGARI ba="0,2" hai="8,13,16,25,31,35,44,46,47,58,63,67,82,83" machi="35" ten="40,5200,0" yaku="1,1,52,1,54,1,53,0" doraHai="21" doraHaiUra="94" who="3" fromWho="0" sc="250,-52,250,0,240,0,240,72" /><INIT seed="1,0,0,1,0,69" ten="198,250,240,312" oya="1" hai0="76,107,78,116,98,80,121,18,85,90,0,47,26" hai1="105,119,124,51,40,9,2,50,84,17,118,30,86" hai2="61,133,126,8,94,31,23,41,114,134,83,7,43" hai3="74,77,24,100,49,13,22,25,62,112,73,44,131"/><U34/><E105/><V123/><F123/><W15/><G112/><T117/><D121/><U39/><E39/><V3/><F114/><W71/><G100/><N who="0" m="62871" /><D0/><U63/><E63/><V129/><F126/><W54/><G25/><T52/><D26/><U14/><E124/><V5/><F5/><W82/><G74/><T19/><D19/><U37/><E37/><V108/><F108/><W113/><G113/><T68/><D68/><U35/><E40/><V21/><F129/><W95/><G131/><T104/><D18/><U56/><E56/><V88/><F83/><W42/><G95/><T135/><D52/><U10/><E17/><V65/><F23/><W57/><G71/><T81/><D47/><U89/><E89/><V109/><F21/><W16/><AGARI ba="0,0" hai="13,15,16,22,24,42,44,49,54,57,62,73,77,82" machi="16" ten="20,2700,0" yaku="0,1,7,1,54,1" doraHai="69" who="3" fromWho="3" sc="198,-7,250,-13,240,-7,312,27" /><INIT seed="2,0,0,3,0,129" ten="191,237,233,339" oya="2" hai0="67,65,111,12,105,15,21,25,131,71,8,101,34" hai1="14,20,68,121,91,98,70,84,118,1,76,113,82" hai2="2,134,6,16,135,85,128,78,28,133,69,22,56" hai3="116,74,10,110,48,42,73,66,92,125,81,93,117"/><V39/><F128/><W32/><G32/><T95/><D111/><U60/><E1/><V57/><F69/><W54/><G66/><T41/><D131/><U97/><E118/><V106/><F106/><W18/><G42/><T109/><D109/><U114/><E121/><V35/><F39/><W80/><G110/><T38/><D105/><U119/><E119/><V46/><F46/><W89/><G10/><T47/><D34/><U99/><E68/><V126/><F126/><W19/><G48/><T49/><D71/><U37/><E37/><V90/><F78/><W77/><G77/><T58/><D58/><U75/><E60/><V30/><F6/><W132/><G54/><T104/><D104/><U87/><E20/><V96/><F96/><W63/><G63/><T61/><D61/><U31/><E14/><N who="0" m="5161" /><D8/><U44/><E44/><V120/><F2/><W50/><G50/><T127/><D127/><U33/><E70/><V100/><F100/><W59/><G125/><T88/><D101/><U72/><E31/><N who="2" m="11819" /><F35/><W51/><G51/><T43/><D43/><U29/><E29/><V108/><F108/><W53/><G53/><T24/><D38/><U83/><REACH who="1" step="1"/><E33/><REACH who="1" ten="191,227,233,339" step="2"/><V52/><F120/><W45/><G45/><T3/><D3/><U23/><E23/><V123/><F123/><W102/><G116/><T103/><D21/><U40/><E40/><V13/><F52/><W79/><G117/><T27/><D103/><U11/><E11/><V7/><F7/><W107/><G19/><T115/><D115/><AGARI ba="0,1" hai="72,75,76,82,83,84,87,91,97,98,99,113,114,115" machi="115" ten="40,8000,1" yaku="1,1,34,3,53,1" doraHai="129" doraHaiUra="86" who="1" fromWho="0" sc="191,-80,227,90,233,0,339,0" /><INIT seed="3,0,0,4,3,74" ten="111,317,233,339" oya="3" hai0="102,100,115,21,77,61,44,111,130,27,79,127,0" hai1="7,50,68,92,59,24,70,48,12,118,67,83,133" hai2="60,45,78,8,132,11,129,37,117,134,103,33,113" hai3="75,97,112,31,18,19,20,30,110,47,122,28,52"/><W94/><G112/><T76/><D115/><U87/><E133/><N who="2" m="51307" /><F113/><W106/><G106/><T56/><D0/><U98/><E68/><V64/><F117/><W81/><G122/><T46/><D111/><U51/><E70/><N who="2" m="42247" /><F33/><W95/><G110/><T55/><D127/><U116/><E24/><V90/><F129/><W10/><G10/><T40/><D130/><U53/><E67/><V22/><F103/><N who="0" m="39466" /><D40/><U108/><E108/><V1/><F1/><W16/><G20/><T80/><D80/><U88/><E118/><V121/><F121/><W23/><G23/><T49/><D61/><U91/><E116/><V38/><F90/><W82/><G97/><T86/><D86/><U63/><E7/><V35/><F35/><W119/><G119/><T120/><D120/><U93/><E12/><V54/><F22/><W131/><G131/><T36/><D36/><N who="2" m="13930" /><F78/><W135/><G135/><T34/><D34/><U57/><E93/><N who="3" m="35338" /><G75/><T71/><D71/><U3/><E3/><V69/><F69/><W29/><G29/><AGARI ba="0,0" hai="21,27,29,44,46,49,55,56,76,77,79" m="39466" machi="29" ten="30,7700,0" yaku="8,1,52,3" doraHai="74" who="0" fromWho="3" sc="111,77,317,0,233,0,339,-77" /><INIT seed="4,0,0,3,5,86" ten="188,317,233,262" oya="0" hai0="35,30,68,18,131,52,113,78,124,38,134,67,5" hai1="25,74,106,62,17,77,10,69,81,51,118,21,100" hai2="132,122,22,49,94,104,31,80,130,101,33,8,99" hai3="71,19,72,75,84,39,36,53,135,91,28,112,4"/><T114/><D38/><U70/><E118/><V79/><F122/><W6/><G71/><T108/><D124/><U87/><E62/><V23/><F130/><W93/><G28/><T83/><D131/><U41/><E74/><V64/><F94/><W127/><G127/><T123/><D123/><U13/><E106/><V90/><F49/><W82/><G112/><N who="0" m="43115" /><D134/><U20/><E20/><V12/><F132/><W73/><G135/><T133/><D133/><U115/><E100/><V34/><F64/><W24/><G82/><T0/><D108/><U125/><E125/><V97/><F97/><W103/><G103/><T15/><D52/><U63/><E63/><V128/><F128/><W65/><G65/><T129/><D67/><U7/><E115/><V88/><F33/><W66/><G66/><T102/><D102/><U117/><E117/><V56/><F34/><W47/><G39/><T27/><D68/><U111/><E111/><V61/><F31/><W126/><G126/><T120/><D120/><U37/><E37/><V121/><F23/><W119/><G119/><T105/><D105/><U50/><E50/><V107/><F22/><N who="3" m="13407" /><G36/><T2/><D129/><U9/><E9/><V76/><F107/><W26/><G26/><T14/><D5/><U89/><E51/><V48/><F48/><N who="3" m="28831" /><G6/><T32/><D32/><U116/><E41/><V55/><F121/><W11/><G4/><T46/><D46/><U59/><E59/><V58/><F58/><W95/><G11/><N who="0" m="6495" /><D15/><U43/><E43/><V60/><F104/><W29/><G29/><T96/><D96/><U57/><E116/><RYUUKYOKU ba="0,0" sc="188,15,317,-15,233,-15,262,15" hai0="0,2,27,30,35,78,83" hai3="72,73,75,84,91,93,95" /><INIT seed="4,1,0,1,4,83" ten="203,302,218,277" oya="0" hai0="113,69,100,120,92,39,130,108,16,125,86,49,105" hai1="30,57,27,80,124,91,65,59,85,70,87,14,107" hai2="115,21,51,31,56,63,9,134,110,62,8,76,15" hai3="67,96,71,129,52,101,24,127,78,64,6,60,47"/><T37/><D120/><U93/><E107/><V68/><F110/><W40/><G6/><T43/><D105/><U44/><E124/><V109/><F109/><W13/><G127/><T55/><D108/><U126/><E126/><V32/><F115/><W121/><G121/><T7/><D125/><U17/><E44/><V117/><F32/><W0/><G0/><T42/><D69/><U128/><E128/><V61/><F134/><W19/><G24/><T112/><D7/><U11/><E65/><V2/><F2/><W131/><G78/><T122/><D122/><U38/><E38/><V79/><F68/><W135/><G135/><T1/><D1/><U46/><E46/><V119/><F31/><W28/><G28/><T45/><D130/><N who="3" m="49673" /><G64/><T10/><D39/><U114/><E70/><V81/><F21/><N who="3" m="11503" /><G52/><T29/><D29/><U116/><E114/><N who="0" m="44137" /><D37/><U99/><E116/><N who="2" m="44619" /><F76/><W50/><G96/><N who="0" m="59399" /><D86/><N who="1" m="32779" /><E80/><V22/><F62/><W102/><AGARI ba="1,0" hai="40,47,50,60,67,71,101,102" m="11503,49673" machi="102" ten="30,1100,0" yaku="19,1" doraHai="83" who="3" fromWho="3" sc="203,-6,302,-4,218,-4,277,14" /><INIT seed="5,0,0,4,0,93" ten="197,298,214,291" oya="1" hai0="8,55,43,127,52,85,16,10,42,86,88,128,48" hai1="124,27,11,64,21,49,13,50,51,44,91,133,84" hai2="126,103,17,108,132,87,75,78,20,111,71,102,116" hai3="0,106,28,97,62,31,12,53,73,56,35,9,25"/><U33/><E33/><V59/><F71/><W14/><G73/><T130/><D127/><U66/><E124/><V107/><F126/><W5/><REACH who="3" step="1"/><G31/><REACH who="3" ten="197,298,214,281" step="2"/><T95/><D130/><U83/><E133/><V94/><F132/><W80/><G80/><T47/><D128/><U120/><E120/><V65/><F111/><W58/><G58/><T4/><D43/><U109/><E109/><V77/><F108/><W15/><G15/><N who="0" m="5511" /><D85/><U36/><E36/><V41/><F87/><W131/><G131/><T72/><D72/><U37/><E37/><V100/><F75/><W32/><G32/><T69/><D69/><U115/><E115/><V18/><F59/><W90/><G90/><T70/><D70/><U61/><E44/><V26/><F41/><W23/><G23/><T119/><D119/><U54/><E21/><V122/><F116/><W63/><G63/><T34/><D34/><U125/><E125/><V57/><F20/><W2/><G2/><T101/><D101/><AGARI ba="0,1" hai="0,5,9,12,14,25,28,35,53,56,62,97,101,106" machi="101" ten="40,2600,0" yaku="1,1,52,1,53,0" doraHai="93" doraHaiUra="129" who="3" fromWho="0" sc="197,-26,298,0,214,0,281,36" /><INIT seed="6,0,0,1,2,48" ten="171,298,214,317" oya="2" hai0="56,41,102,10,77,101,9,13,5,87,15,89,123" hai1="70,129,83,1,40,116,31,92,97,118,93,34,52" hai2="131,12,19,113,61,33,104,51,29,105,65,4,127" hai3="120,20,100,2,74,6,111,69,68,94,50,119,26"/><V11/><F113/><W117/><G74/><T109/><D109/><U16/><E70/><V125/><F131/><W3/><G111/><T64/><D123/><U114/><E1/><V63/><F51/><W59/><G120/><T133/><D133/><U38/><E83/><V134/><F134/><W62/><G50/><T67/><D77/><U124/><E114/><V107/><F4/><W0/><G6/><T121/><D121/><U23/><E31/><V79/><F79/><W73/><G73/><T14/><D41/><U42/><E34/><V132/><F132/><W115/><G115/><T60/><D67/><U44/><E42/><V30/><F33/><W21/><G21/><T130/><D130/><U47/><E129/><V81/><F81/><W90/><G69/><T53/><D64/><U18/><E97/><V27/><F27/><W55/><G100/><T112/><D112/><U82/><E82/><V22/><F22/><W96/><REACH who="3" step="1"/><G68/><REACH who="3" ten="171,298,214,307" step="2"/><T122/><D122/><U25/><E23/><V45/><F63/><W128/><G128/><T135/><D135/><U95/><E38/><V91/><F61/><W66/><G66/><T49/><D49/><U36/><E36/><V85/><F65/><W7/><G7/><N who="0" m="3263" /><D14/><U24/><E40/><V17/><F12/><W126/><G126/><T88/><D89/><U71/><E124/><V28/><F125/><W99/><G99/><T78/><D78/><U103/><E71/><V110/><F127/><W106/><G106/><T80/><AGARI ba="0,1" hai="5,10,15,53,56,60,80,87,88,101,102" m="3263" machi="80" ten="30,4000,0" yaku="8,1,52,1,54,1" doraHai="48" who="0" fromWho="0" sc="171,50,298,-10,214,-20,307,-10" /><INIT seed="7,0,0,5,5,16" ten="221,288,194,297" oya="3" hai0="12,127,131,88,103,28,10,107,126,59,30,33,128" hai1="46,90,102,45,67,104,7,8,98,111,17,106,66" hai2="76,31,27,24,81,133,21,68,75,84,40,132,15" hai3="89,78,82,119,108,95,55,114,77,64,121,109,32"/><W72/><G119/><T61/><D107/><U18/><E111/><N who="3" m="42570" /><G121/><T51/><D103/><U70/><E106/><V43/><F68/><W92/><G32/><T129/><D51/><U91/><E91/><V4/><F4/><W9/><G64/><N who="0" m="38975" /><D88/><U57/><E70/><V49/><F15/><W62/><G114/><T22/><D33/><U115/><E115/><V79/><F49/><W3/><G77/><T117/><D117/><U47/><E90/><V29/><F75/><W65/><G55/><T5/><D30/><U94/><E104/><V125/><F125/><N who="0" m="47626" /><D28/><U6/><E57/><V53/><F53/><W56/><G89/><T134/><D22/><U42/><E42/><V23/><REACH who="2" step="1"/><F79/><REACH who="2" ten="221,288,184,297" step="2"/><W58/><G58/><T124/><D124/><U50/><E50/><V1/><F1/><W11/><G11/><T87/><D131/><U123/><E8/><V80/><F80/><W38/><G38/><T122/><D129/><U19/><E123/><V2/><F2/><W60/><G60/><T74/><D122/><U101/><E67/><V135/><AGARI ba="0,1" hai="21,23,24,27,29,31,40,43,76,81,84,132,133,135" machi="135" ten="30,12000,2" yaku="1,1,0,1,9,1,20,1,52,2,53,0" doraHai="16" doraHaiUra="96" who="2" fromWho="2" sc="221,-30,288,-30,184,130,297,-60" owari="191,-31.0,258,6.0,314,41.0,237,-16.0" /></mjloggm>