<mjloggm ver="2.3"><GO type="169" lobby="0"/><UN n0="%33%33%62%6C%61%63%6B" n1="%E6%B2%96%EF%BC%92%EF%BC%99" n2="%E3%83%A6%E3%82%A6%E3%82%A2%E3%82%B9%E3%82%AB" n3="%E9%BE%8D%E9%96%80%E6%B8%95%E9%80%8F%E8%8A%B1" dan="16,17,16,16" rate="2066.04,2192.54,2012.78,2121.45" sx="M,M,M,M"/><TAIKYOKU oya="0"/><INIT seed="0,0,0,4,5,43" ten="250,250,250,250" oya="0" hai0="98,104,124,89,47,3,42,125,30,16,28,45,55" hai1="128,35,74,71,19,8,15,105,97,68,31,118,7" hai2="9,112,85,20,69,17,70,132,106,23,135,116,72" hai3="51,76,40,114,14,46,133,1,95,2,48,129,27"/><T121/><D121/><U102/><E74/><V4/><F72/><W41/><G114/><T110/><D3/><U13/><E118/><V66/><F116/><W108/><G108/><T122/><D122/><U34/><E128/><V80/><F112/><W79/><G129/><T119/><D119/><U78/><E78/><N who="2" m="46231" /><F106/><W101/><G133/><N who="2" m="51273" /><F66/><W113/><G113/><T64/><D64/><U36/><E36/><V75/><F75/><W61/><G79/><T92/><D104/><U115/><E115/><V131/><F131/><W54/><G76/><T77/><D77/><U87/><E87/><V60/><F60/><W18/><G27/><T29/><D110/><U0/><E15/><N who="2" m="9279" /><F23/><W84/><G61/><T93/><D93/><U10/><REACH who="1" step="1"/><E31/><REACH who="1" ten="250,240,250,250" step="2"/><V130/><F130/><W52/><G2/><AGARI ba="0,1" hai="2,4,9,69,70" m="9279,51273,46231" machi="2" ten="30,1000,0" yaku="20,1" doraHai="43" who="2" fromWho="3" sc="250,0,240,0,250,20,250,-10" /><INIT seed="1,0,0,3,0,104" ten="250,240,270,240" oya="1" hai0="60,68,71,2,15,5,107,125,49,4,94,48,117" hai1="20,101,81,57,24,91,64,47,43,54,121,118,23" hai2="75,13,129,21,126,132,73,134,83,18,100,50,46" hai3="130,89,116,7,58,92,72,11,10,30,78,26,35"/><U40/><E121/><V76/><F126/><W119/><G130/><T95/><D107/><U31/><E118/><N who="3" m="45098" /><G58/><T19/><D117/><U22/><E101/><V79/><F129/><W109/><G109/><T41/><D125/><U8/><E64/><V61/><F61/><W112/><G7/><T124/><D124/><U103/><E103/><V56/><F56/><W86/><G112/><T59/><D2/><U133/><E133/><N who="2" m="51307" /><F100/><W114/><G114/><T55/><D71/><U0/><E0/><V66/><F66/><W82/><AGARI ba="0,0" hai="10,11,26,30,35,72,78,82,86,89,92" m="45098" machi="82" ten="30,2000,0" yaku="12,1,52,1" doraHai="104" who="3" fromWho="3" sc="250,-5,240,-10,270,-5,240,20" /><INIT seed="2,0,0,3,2,94" ten="245,230,265,260" oya="2" hai0="30,1,35,55,125,104,117,119,77,49,26,106,73" hai1="101,103,109,56,127,98,105,62,12,21,52,124,130" hai2="50,132,111,23,116,37,135,33,16,25,44,19,129" hai3="102,3,45,99,79,15,72,13,40,48,120,68,110"/><V107/><F107/><W14/><G120/><T24/><D1/><U61/><E103/><V57/><F116/><N who="0" m="44618" /><D26/><U76/><E130/><V74/><F74/><W39/><G68/><T112/><D112/><U80/><E109/><V118/><F111/><W88/><G3/><T90/><D125/><U9/><E21/><N who="2" m="13479" /><F118/><W43/><G110/><T75/><D90/><U113/><E61/><V65/><F33/><W91/><G39/><T133/><D133/><N who="2" m="51274" /><F37/><W63/><G40/><T29/><D29/><U7/><REACH who="1" step="1"/><E113/><REACH who="1" ten="245,220,265,260" step="2"/><V4/><F129/><W131/><G63/><T108/><D108/><U100/><E100/><V114/><F114/><W58/><G131/><T60/><D60/><U18/><E18/><V64/><F19/><W92/><REACH who="3" step="1"/><G58/><REACH who="3" ten="245,220,265,250" step="2"/><T78/><D49/><U69/><E69/><V126/><F57/><W42/><G42/><T28/><D35/><U54/><E54/><V0/><F50/><W71/><G71/><T2/><D55/><U123/><E123/><V32/><F126/><W66/><G66/><T84/><D2/><U27/><E27/><V121/><F65/><W89/><G89/><T134/><D24/><U5/><E5/><V70/><F64/><W81/><AGARI ba="0,2" hai="13,14,15,43,45,48,72,79,81,88,91,92,99,102" machi="81" ten="30,7900,0" yaku="1,1,0,1,52,1,54,1,53,0" doraHai="94" doraHaiUra="53" who="3" fromWho="3" sc="245,-20,220,-20,265,-39,250,99" /><INIT seed="3,0,0,3,5,123" ten="225,200,226,349" oya="3" hai0="27,125,76,80,45,53,10,13,71,63,23,102,97" hai1="82,33,90,62,111,57,132,39,46,115,116,58,110" hai2="79,134,95,119,133,64,65,26,99,35,28,87,122" hai3="2,129,56,6,109,5,54,37,66,22,48,0,12"/><W72/><G72/><T40/><D125/><U86/><E33/><V21/><F122/><W117/><G117/><T93/><D71/><U81/><E115/><V55/><F35/><W127/><G37/><T31/><D63/><U108/><E116/><V14/><F14/><W24/><G127/><T60/><D60/><U43/><E132/><N who="2" m="50795" /><F55/><W41/><G41/><T61/><D61/><U88/><E62/><V103/><F119/><W51/><G66/><N who="2" m="25705" /><F79/><W106/><G2/><T114/><D53/><U96/><E82/><V112/><F87/><W131/><G0/><T135/><D135/><U67/><E67/><V94/><F112/><W75/><G75/><T36/><D114/><U17/><E17/><V130/><F130/><N who="3" m="49675" /><G106/><AGARI ba="0,0" hai="21,26,28,94,95,99,103,106" m="25705,50795" machi="106" ten="30,1000,0" yaku="20,1" doraHai="123" who="2" fromWho="3" sc="225,0,200,0,226,10,349,-10" /><INIT seed="4,0,0,1,5,101" ten="225,200,236,339" oya="0" hai0="124,134,29,56,121,105,127,49,74,38,128,86,60" hai1="46,116,129,118,65,53,42,9,117,61,95,135,82" hai2="81,115,98,51,17,112,126,26,58,31,76,48,32" hai3="64,47,111,24,119,55,0,80,36,45,133,71,73"/><T21/><D38/><N who="1" m="21847" /><E95/><V66/><F126/><N who="0" m="48170" /><D121/><U6/><E82/><V72/><F98/><W33/><G0/><T30/><D74/><U109/><E9/><V67/><F17/><W70/><G119/><N who="1" m="30466" /><U43/><DORA hai="54" /><E6/><V90/><F90/><W84/><G111/><T57/><D128/><U5/><E5/><V110/><F110/><W22/><G73/><T39/><D134/><U79/><E79/><V85/><F72/><W16/><G133/><T91/><D39/><U78/><E78/><V19/><F19/><W83/><G33/><T12/><D105/><U123/><E109/><V23/><F32/><W52/><G80/><N who="0" m="49607" /><D12/><U107/><E107/><V75/><F75/><W18/><G36/><T27/><D30/><U25/><E25/><V69/><F69/><W28/><G71/><T97/><D97/><U132/><E123/><V50/><REACH who="2" step="1"/><F67/><REACH who="2" ten="225,200,226,339" step="2"/><W120/><G64/><T13/><D13/><U100/><E100/><V34/><F34/><W130/><G70/><T62/><D49/><U2/><E135/><V7/><F7/><W108/><G108/><T59/><AGARI ba="0,1" hai="21,27,29,56,57,59,60,62" m="49607,48170" machi="59" ten="30,11700,0" yaku="18,1,52,3" doraHai="101,54" who="0" fromWho="0" sc="225,127,200,-39,226,-39,339,-39" /><INIT seed="4,1,0,2,0,99" ten="352,161,187,300" oya="0" hai0="131,65,95,7,6,93,2,118,125,17,9,61,96" hai1="80,3,135,75,116,113,41,69,23,72,29,55,1" hai2="19,63,15,121,103,43,38,24,123,130,73,122,82" hai3="0,4,21,46,26,87,100,11,36,91,112,53,102"/><T119/><D6/><U48/><E69/><V52/><F130/><W104/><G104/><T105/><D131/><U12/><E116/><V134/><F24/><W90/><G112/><T115/><D115/><U35/><E113/><V5/><F5/><W70/><G70/><T44/><D125/><U110/><E41/><V81/><F73/><W37/><G91/><T77/><D77/><U101/><E35/><V31/><F31/><W106/><G106/><T20/><D44/><U88/><E110/><V40/><F134/><W84/><G84/><T42/><D42/><U62/><E62/><V85/><F103/><W74/><G74/><T120/><D120/><U47/><E135/><V39/><F39/><W92/><G37/><T79/><D79/><U89/><E72/><V54/><F82/><W127/><G127/><T128/><D128/><U97/><E75/><V98/><F98/><W56/><G46/><T59/><D105/><U76/><E76/><V94/><F94/><W114/><G36/><T18/><D93/><N who="1" m="58543" /><E1/><V78/><F38/><W45/><G45/><T50/><D50/><U60/><E3/><V107/><F107/><W22/><G114/><T49/><D49/><U30/><E60/><V132/><F132/><W64/><G64/><T129/><D129/><U13/><E30/><V126/><F126/><W108/><G108/><T8/><D119/><U124/><E124/><V27/><F63/><N who="3" m="36239" /><G26/><N who="0" m="14607" /><D118/><U14/><E80/><V16/><F27/><AGARI ba="1,0" hai="12,13,14,23,27,29,47,48,55,88,89" m="58543" machi="27" ten="30,3900,0" yaku="8,1,52,1,54,1" doraHai="99" who="1" fromWho="2" sc="352,0,161,42,187,-42,300,0" /><INIT seed="5,0,0,4,3,84" ten="352,203,145,300" oya="1" hai0="46,113,48,54,28,124,31,6,88,38,123,89,63" hai1="120,10,4,131,33,101,70,75,76,115,106,19,112" hai2="9,94,62,110,109,25,11,52,80,23,12,82,43" hai3="45,24,83,61,122,81,105,87,77,0,37,73,7"/><U5/><E70/><V107/><F107/><W103/><G122/><T92/><D38/><U27/><E120/><V41/><F109/><W18/><G61/><T57/><D123/><U49/><E49/><V8/><F110/><W134/><G134/><T53/><D113/><N who="1" m="43595" /><E131/><V36/><F36/><W96/><G18/><T26/><D124/><U86/><E75/><V121/><F121/><W50/><G24/><T60/><D6/><N who="1" m="2667" /><E101/><V67/><F12/><W14/><G0/><T58/><D92/><U47/><E106/><V93/><F67/><W119/><G37/><T117/><D117/><U15/><E47/><V44/><F44/><W51/><G119/><T1/><D1/><U59/><E59/><N who="2" m="35175" /><F94/><W125/><G125/><T71/><D71/><U111/><E111/><V127/><F93/><W129/><G129/><T85/><D85/><U40/><E40/><N who="2" m="15435" /><F127/><W17/><G45/><T42/><D28/><AGARI ba="0,0" hai="8,9,11,23,25,28,80,82" m="15435,35175" machi="28" ten="30,2000,0" yaku="8,1,54,1" doraHai="84" who="2" fromWho="0" sc="352,-20,203,0,145,20,300,0" /><INIT seed="6,0,0,2,3,101" ten="332,203,165,300" oya="2" hai0="113,1,100,41,90,70,109,27,39,82,9,3,80" hai1="58,120,123,129,85,91,119,83,105,111,47,88,2" hai2="19,81,24,33,71,69,94,76,16,102,93,96,10" hai3="55,59,110,89,84,97,127,52,0,53,124,116,34"/><V118/><F118/><W51/><G110/><T61/><D109/><U38/><E2/><V95/><F71/><W134/><G116/><T57/><D70/><U46/><E111/><V14/><F69/><W108/><G108/><T99/><D39/><U15/><E119/><V92/><F33/><W131/><G0/><T49/><D27/><U87/><E129/><V67/><F67/><W64/><G34/><T86/><D82/><U104/><E15/><V12/><F24/><W107/><G131/><T42/><D113/><U28/><E58/><V63/><F63/><W78/><G78/><T30/><D30/><U60/><E60/><V37/><F37/><W79/><G79/><T115/><D115/><U77/><E77/><V21/><REACH who="2" step="1"/><F94/><REACH who="2" ten="332,203,155,300" step="2"/><N who="3" m="54567" /><G64/><T98/><D61/><U114/><E114/><V122/><F122/><N who="1" m="46633" /><E28/><V65/><F65/><W43/><G127/><T6/><D1/><U48/><E38/><V135/><F135/><W8/><G124/><T68/><D68/><U40/><E46/><V130/><F130/><W56/><G134/><T32/><D32/><U5/><E5/><V103/><F103/><W132/><G132/><T23/><D100/><U18/><E18/><V106/><F106/><W44/><G107/><T45/><D57/><U11/><E11/><V112/><F112/><W54/><G8/><T72/><D3/><U26/><E26/><V7/><F7/><W20/><G59/><T4/><D9/><U125/><E125/><V133/><F133/><W126/><G126/><T73/><D6/><U62/><E62/><V50/><F50/><N who="3" m="30839" /><G20/><T31/><D23/><RYUUKYOKU ba="0,1" sc="332,-30,203,10,155,10,300,10" hai1="40,47,48,83,85,87,88,91,104,105" hai2="10,12,14,16,19,21,76,81,92,93,95,96,102" hai3="43,44,51,52,53,54,97" /><INIT seed="6,1,1,5,5,131" ten="302,213,165,310" oya="2" hai0="26,89,75,108,77,2,57,36,127,69,20,48,25" hai1="94,33,54,24,88,10,124,113,112,3,58,107,8" hai2="93,70,98,17,45,122,110,14,100,11,59,28,29" hai3="103,111,101,18,126,123,106,116,99,66,128,97,63"/><V1/><F122/><W37/><G111/><T117/><D69/><U53/><E107/><V42/><F70/><W6/><G116/><T76/><D36/><U71/><E71/><V86/><F1/><W68/><G37/><T72/><D2/><U4/><E124/><V129/><F129/><W5/><G123/><T30/><D108/><U90/><E10/><V83/><F110/><W81/><G126/><T23/><D127/><U135/><E135/><V79/><REACH who="2" step="1"/><F59/><REACH who="2" ten="302,213,155,310" step="2"/><W35/><G128/><T104/><D57/><U50/><E113/><V13/><F13/><W40/><G68/><T41/><D117/><U27/><E112/><V39/><AGARI ba="1,2" hai="11,14,17,28,29,39,42,45,79,83,86,93,98,100" machi="39" ten="20,3900,0" yaku="1,1,0,1,7,1,53,0" doraHai="131" doraHaiUra="130" who="2" fromWho="2" sc="302,-14,213,-14,155,62,310,-14" /><INIT seed="6,2,0,5,2,13" ten="288,199,217,296" oya="2" hai0="38,109,62,24,122,20,37,27,25,47,4,41,40" hai1="100,112,95,131,116,50,8,33,55,118,115,85,35" hai2="57,64,30,69,121,87,73,90,88,15,9,45,70" hai3="77,110,134,81,53,58,132,104,44,111,72,71,80"/><V120/><F73/><W124/><G71/><T106/><D122/><U117/><E131/><V108/><F108/><W10/><G104/><T42/><D106/><U67/><E67/><V86/><F30/><W105/><G105/><T113/><D109/><U31/><E8/><V23/><F23/><W78/><G124/><T14/><D113/><N who="1" m="43595" /><E31/><V133/><F133/><N who="3" m="51307" /><G44/><T103/><D62/><U68/><E68/><V96/><F96/><W0/><G10/><T19/><D4/><U48/><E48/><V43/><F70/><W60/><G0/><T128/><D128/><U49/><E49/><V93/><F69/><W16/><G16/><T51/><REACH who="0" step="1"/><D103/><REACH who="0" ten="278,199,217,296" step="2"/><U3/><E100/><V97/><F121/><W2/><G2/><T36/><AGARI ba="2,1" hai="14,19,20,24,25,27,36,37,38,40,41,42,47,51" machi="36" ten="40,8000,1" yaku="1,1,2,1,0,1,52,1,53,0" doraHai="13" doraHaiUra="107" who="0" fromWho="0" sc="278,96,199,-22,217,-42,296,-22" /><INIT seed="7,0,0,5,0,115" ten="374,177,175,274" oya="3" hai0="59,11,42,15,120,44,89,64,7,8,86,4,105" hai1="16,67,79,123,121,70,40,90,91,88,12,76,71" hai2="106,19,51,125,26,57,119,124,35,36,60,98,132" hai3="111,46,32,62,25,54,99,21,63,9,49,126,116"/><W41/><G116/><T101/><D120/><U43/><E67/><N who="2" m="39311" /><F119/><W87/><G32/><T117/><D117/><U33/><E33/><V135/><F36/><W38/><G126/><N who="2" m="48745" /><F51/><W55/><G111/><T95/><D105/><U50/><E50/><V66/><F66/><W13/><G99/><T113/><D101/><U22/><E123/><V104/><F35/><W6/><G87/><T102/><D102/><U93/><E121/><V75/><F75/><W107/><G107/><N who="2" m="41001" /><F98/><W81/><G81/><T83/><D83/><U122/><E122/><V47/><F47/><W30/><REACH who="3" step="1"/><G55/><REACH who="3" ten="374,177,175,264" step="2"/><T100/><D86/><U97/><E97/><V84/><F84/><W1/><G1/><T34/><D34/><U65/><E93/><V20/><AGARI ba="0,1" hai="19,20,26,132,135" m="41001,48745,39311" machi="20" ten="40,1500,0" yaku="18,1" doraHai="115" who="2" fromWho="2" sc="374,-4,177,-4,175,25,264,-7" owari="370,47.0,173,-33.0,200,-20.0,257,6.0" /></mjloggm>