<mjloggm ver="2.3"><GO type="169" lobby="0"/><UN n0="%4B%53%4D%43" n1="%E3%81%AD%E3%82%8A%E3%82%B4%E3%83%9E" n2="%63%68%6F%6E%6A%69" n3="%E3%82%AB%E3%83%A9%E3%82%B9%E3%81%AE%E5%AD%90" dan="16,17,16,16" rate="2078.32,2201.48,2018.80,2092.88" sx="M,M,M,M"/><TAIKYOKU oya="0"/><INIT seed="0,0,0,4,5,104" ten="250,250,250,250" oya="0" hai0="4,3,60,75,89,107,12,76,108,81,0,68,123" hai1="43,79,29,86,6,26,8,46,93,111,52,66,7" hai2="9,37,40,121,62,57,83,20,27,85,88,11,15" hai3="51,74,126,115,114,128,24,109,127,22,78,45,1"/><T129/><D123/><U21/><E111/><V73/><F121/><W97/><G1/><T5/><D107/><U33/><E66/><V10/><F73/><W87/><G109/><T125/><D108/><U72/><E33/><V110/><F110/><W64/><G87/><T77/><D129/><U84/><E93/><V14/><F40/><W130/><G97/><T67/><D12/><U38/><E7/><V102/><F102/><W94/><G94/><T23/><D23/><U31/><E31/><V71/><F37/><W30/><G64/><T35/><D77/><U131/><E131/><N who="3" m="50218" /><G51/><T54/><D54/><U42/><E42/><V116/><F71/><W41/><G41/><T82/><D82/><U53/><E84/><V13/><F116/><W122/><G45/><T113/><D113/><N who="3" m="43017" /><G122/><T118/><D118/><U39/><E86/><V49/><F49/><W59/><G59/><T56/><D56/><U106/><E106/><V95/><F83/><AGARI ba="0,0" hai="22,24,30,74,78,83,126,127" m="43017,50218" machi="83" ten="40,2600,0" yaku="19,1,52,1" doraHai="104" who="3" fromWho="2" sc="250,0,250,0,250,-26,250,26" /><INIT seed="1,0,0,1,1,97" ten="250,250,224,276" oya="1" hai0="69,131,13,45,48,8,49,9,99,61,98,103,77" hai1="14,56,51,3,128,79,28,67,133,101,0,75,1" hai2="54,6,85,132,110,33,22,86,71,42,125,120,126" hai3="5,40,15,135,27,52,130,35,63,31,10,60,21"/><U62/><E128/><V124/><F120/><W16/><G130/><T107/><D131/><U89/><E133/><V91/><F33/><W129/><G129/><T100/><D77/><U78/><E28/><V88/><F132/><W20/><G135/><T53/><D49/><U24/><E24/><V32/><F32/><W116/><G116/><T38/><D38/><U114/><E114/><V12/><F71/><W122/><G122/><T94/><D13/><U102/><E89/><N who="2" m="34379" /><F42/><W123/><G123/><T118/><D118/><U95/><E14/><V112/><F112/><W39/><G21/><T96/><REACH who="0" step="1"/><D99/><REACH who="0" ten="240,250,224,276" step="2"/><U64/><E51/><V93/><F110/><W106/><G39/><T127/><D127/><U76/><E75/><V7/><F124/><W25/><G40/><T37/><D37/><U90/><REACH who="1" step="1"/><E67/><AGARI ba="0,1" hai="8,9,45,48,53,61,67,69,94,96,98,100,103,107" machi="67" ten="40,5200,0" yaku="1,1,52,2,53,0" doraHai="97" doraHaiUra="55" who="0" fromWho="1" sc="240,62,250,-52,224,0,276,0" /><INIT seed="2,0,0,0,5,122" ten="302,198,224,276" oya="2" hai0="105,102,118,24,26,80,75,7,129,86,46,103,21" hai1="94,10,101,9,68,79,113,25,8,54,34,32,96" hai2="39,12,92,41,30,5,115,17,53,76,134,42,55" hai3="95,85,71,33,112,89,114,124,15,29,66,64,45"/><V93/><F115/><N who="3" m="44075" /><G124/><T116/><D75/><U37/><E113/><V20/><F134/><W38/><G71/><T0/><D129/><U36/><E68/><V44/><F42/><N who="3" m="22743" /><G29/><T59/><D105/><U78/><E36/><V99/><F76/><W81/><G33/><T123/><D123/><U70/><E70/><V62/><F30/><W108/><G108/><T67/><D46/><U82/><E37/><V47/><F47/><W23/><G23/><T35/><D35/><U106/><E106/><V117/><F117/><N who="0" m="45162" /><D7/><U4/><E34/><V90/><F62/><W61/><G61/><N who="0" m="38335" /><D0/><U19/><E54/><V43/><F43/><W65/><G15/><T107/><D107/><U40/><E40/><V74/><F74/><W31/><G31/><N who="0" m="17807" /><D26/><U73/><E32/><V72/><F72/><W60/><G60/><T125/><D125/><U98/><E78/><AGARI ba="0,0" hai="78,80,86,102,103" m="17807,38335,45162" machi="78" ten="30,1000,0" yaku="12,1" doraHai="122" who="0" fromWho="1" sc="302,10,198,-10,224,0,276,0" /><INIT seed="3,0,0,2,2,120" ten="312,188,224,276" oya="3" hai0="71,6,100,31,19,94,83,52,46,67,53,32,33" hai1="106,111,0,132,135,40,34,81,117,119,85,12,116" hai2="56,88,28,14,5,8,127,103,58,60,55,3,130" hai3="126,74,23,121,64,134,128,15,51,2,75,36,49"/><W93/><G121/><T29/><D6/><U133/><E0/><V1/><F130/><W37/><G2/><T92/><D83/><U16/><E40/><V41/><F127/><W11/><G128/><T99/><D19/><U42/><E42/><V110/><F110/><W115/><G126/><T70/><D67/><U84/><E34/><V95/><F103/><W101/><G115/><T59/><D100/><U68/><E68/><V124/><F124/><W57/><G134/><N who="1" m="34306" /><U79/><DORA hai="69" /><E106/><V104/><F104/><W25/><G74/><T82/><D82/><U24/><E24/><V35/><F58/><W61/><G75/><T39/><D59/><U109/><E84/><V54/><F54/><W20/><G51/><T7/><D7/><U112/><E112/><V17/><F5/><N who="3" m="3567" /><G49/><T21/><D99/><U4/><E4/><V22/><F35/><W114/><G23/><AGARI ba="0,0" hai="12,16,23,79,81,85,109,111,116,117,119" m="34306" machi="23" ten="50,8000,1" yaku="12,1,20,1,52,2,54,1" doraHai="120,69" who="1" fromWho="3" sc="312,0,188,80,224,0,276,-80" /><INIT seed="4,0,0,3,4,107" ten="312,268,224,196" oya="0" hai0="66,109,133,3,75,76,9,100,23,5,84,103,125" hai1="41,43,10,131,81,21,29,86,27,62,98,61,31" hai2="34,95,52,35,72,67,94,77,44,96,20,38,111" hai3="114,132,92,120,127,74,112,49,39,121,0,57,28"/><T14/><D125/><U4/><E131/><V117/><F111/><W79/><G0/><T70/><D70/><U69/><E31/><V123/><F123/><N who="3" m="47179" /><G39/><T16/><D109/><U73/><E73/><V101/><F94/><W22/><G127/><T99/><D133/><U89/><E98/><V11/><F11/><W71/><G71/><T26/><D66/><U53/><E62/><V68/><F117/><W32/><G32/><T65/><D65/><U36/><E36/><V90/><F101/><W58/><G132/><T93/><D84/><U1/><E69/><V25/><F67/><W6/><G6/><T97/><D76/><U126/><E126/><V63/><F68/><W47/><G92/><T8/><D75/><U102/><E102/><V45/><F45/><W51/><G22/><T105/><REACH who="0" step="1"/><D9/><REACH who="0" ten="302,268,224,196" step="2"/><U18/><E10/><V83/><F38/><W30/><G74/><T129/><D129/><U80/><E86/><V119/><F119/><W91/><G79/><T116/><D116/><U59/><E81/><V19/><F44/><W56/><G47/><T60/><D60/><U122/><E122/><V87/><F87/><W124/><G124/><T24/><AGARI ba="0,1" hai="3,5,8,14,16,23,24,26,93,97,99,100,103,105" machi="24" ten="30,6000,0" yaku="1,1,0,1,54,1,53,0" doraHai="107" doraHaiUra="115" who="0" fromWho="0" sc="302,70,268,-20,224,-20,196,-20" /><INIT seed="4,1,0,3,1,15" ten="372,248,204,176" oya="0" hai0="51,22,94,60,14,7,119,49,124,53,9,92,132" hai1="58,99,61,82,26,84,97,109,70,117,128,126,34" hai2="63,1,129,113,5,131,0,110,69,50,30,42,125" hai3="108,46,101,40,39,3,74,118,24,23,45,73,96"/><T112/><D119/><U115/><E109/><V122/><F110/><W134/><G108/><T18/><D112/><U93/><E117/><V98/><F122/><W29/><G118/><T17/><D132/><U81/><E70/><V127/><F113/><W62/><G134/><T86/><D124/><N who="2" m="47690" /><F30/><W67/><G3/><N who="2" m="1097" /><F98/><W88/><G46/><T52/><D86/><U135/><E135/><V6/><F63/><W31/><G31/><T41/><D7/><N who="2" m="2570" /><F69/><W120/><G120/><T79/><D79/><U87/><E115/><V111/><F111/><W121/><G121/><T72/><D72/><U133/><E133/><V106/><F106/><W90/><G74/><T75/><D75/><U32/><E126/><V33/><F33/><W57/><G73/><T2/><D2/><U37/><E61/><V12/><F12/><W102/><G102/><T64/><D41/><U13/><E13/><V8/><F8/><W25/><REACH who="3" step="1"/><G24/><REACH who="3" ten="372,248,204,166" step="2"/><T47/><D14/><U66/><E26/><V11/><F11/><W71/><G71/><T28/><D9/><U35/><E35/><V55/><F42/><W85/><G85/><T76/><D28/><U107/><E32/><V100/><F100/><W91/><G91/><T16/><D76/><U105/><E34/><V20/><F20/><W43/><G43/><T77/><D22/><U56/><E87/><V19/><F131/><W21/><G21/><T54/><D77/><U27/><E128/><V80/><F129/><W10/><G10/><T78/><D78/><U44/><E84/><V36/><F36/><W130/><G130/><T123/><D123/><RYUUKYOKU ba="1,1" sc="372,-10,248,-10,204,-10,166,30" hai3="23,25,29,39,40,45,57,62,67,88,90,96,101" /><INIT seed="5,2,1,0,5,66" ten="362,238,194,196" oya="1" hai0="50,126,124,133,121,62,10,55,44,128,74,96,23" hai1="131,25,16,48,13,39,21,37,107,40,76,14,51" hai2="80,132,78,56,87,27,85,8,99,123,69,111,109" hai3="30,102,34,38,28,60,45,98,19,116,67,105,117"/><U31/><E107/><V129/><F123/><W4/><G4/><T79/><D121/><U92/><E131/><V75/><F132/><W57/><G19/><T6/><D128/><U68/><E68/><V84/><F129/><W101/><G101/><T127/><D133/><U22/><E76/><V54/><F69/><W104/><G104/><T120/><D23/><U94/><E37/><V113/><F8/><W108/><G108/><T24/><D24/><U91/><E14/><V83/><F27/><W119/><G34/><T18/><D18/><U89/><E39/><V42/><F42/><AGARI ba="2,1" hai="28,30,38,42,45,57,60,67,98,102,105,116,117,119" machi="42" ten="40,1300,0" yaku="12,1" doraHai="66" who="3" fromWho="2" sc="362,0,238,0,194,-19,196,29" /><INIT seed="6,0,0,4,3,111" ten="362,238,175,225" oya="2" hai0="14,127,91,71,64,120,75,122,43,125,11,130,46" hai1="61,135,50,106,39,41,27,79,118,104,17,108,40" hai2="101,84,57,59,124,129,89,36,78,90,121,20,60" hai3="112,31,103,98,24,100,88,119,16,13,4,22,19"/><V94/><F121/><W21/><G119/><T54/><D75/><U132/><E108/><V44/><F129/><W26/><G112/><T70/><D130/><U72/><E118/><V1/><F124/><N who="0" m="47690" /><D91/><U83/><E39/><V18/><F1/><W63/><G4/><N who="0" m="3431" /><D54/><U58/><E17/><V114/><F114/><W33/><G63/><N who="0" m="40223" /><D71/><U55/><E27/><V15/><F90/><W37/><G37/><AGARI ba="0,0" hai="37,43,46,120,122" m="40223,3431,47690" machi="37" ten="30,1000,0" yaku="18,1" doraHai="111" who="0" fromWho="3" sc="362,10,238,0,175,0,225,-10" /><INIT seed="7,0,0,2,1,101" ten="372,238,175,215" oya="3" hai0="44,78,71,56,102,46,20,23,77,110,76,36,66" hai1="67,18,93,124,53,58,40,126,91,32,52,12,89" hai2="21,120,39,88,41,51,94,25,96,4,72,2,61" hai3="63,112,35,6,111,104,49,38,75,45,127,33,34"/><W74/><G127/><N who="1" m="48682" /><E32/><V37/><F72/><W135/><G135/><T59/><D66/><U108/><E108/><V27/><F120/><W107/><G112/><T106/><D76/><U105/><E105/><V119/><F119/><W60/><G38/><T103/><D46/><U79/><E79/><V0/><F61/><W57/><G6/><T68/><D59/><U86/><E40/><V122/><F122/><W9/><G111/><T99/><D23/><N who="1" m="11719" /><E91/><V31/><F27/><W95/><G9/><T29/><D99/><U84/><E84/><V125/><F125/><W134/><G134/><T8/><D56/><U130/><E130/><V62/><F62/><AGARI ba="0,0" hai="52,53,58,62,67,86,89,93" m="11719,48682" machi="62" ten="30,2000,0" yaku="18,1,54,1" doraHai="101" who="1" fromWho="2" sc="372,0,238,20,175,-20,215,0" owari="372,46.0,258,6.0,155,-34.0,215,-18.0" /></mjloggm>