<mjloggm ver="2.3"><GO type="169" lobby="0"/><UN n0="%E3%81%92%E3%82%93%E3%81%9F%E3%82%8D%E3%81%AE%E3%81%8B%E3%81%91%E3%82%89" n1="%6D%65%24%6F" n2="%E3%82%A2%E3%82%AB%E2%98%86%E3%82%A6%E3%83%BC%E3%83%94%E3%83%B3" n3="%E3%81%AD%E3%81%98%E3%81%BE%E3%81%8D%E9%B3%A5%E2%88%AE" dan="16,17,17,16" rate="2094.75,2150.92,2170.89,2090.16" sx="M,M,M,M"/><TAIKYOKU oya="0"/><INIT seed="0,0,0,2,0,23" ten="250,250,250,250" oya="0" hai0="5,21,73,78,59,54,120,132,114,71,92,72,3" hai1="90,44,125,111,40,57,95,88,33,35,122,0,30" hai2="17,107,12,60,34,106,48,15,77,110,113,28,6" hai3="14,22,127,75,89,41,121,93,65,129,91,50,56"/><T58/><D120/><U4/><E122/><V29/><F113/><W8/><G75/><T131/><D114/><U38/><E125/><V43/><F110/><W26/><G121/><T98/><D71/><U119/><E119/><V79/><F60/><N who="3" m="38023" /><G127/><T45/><D131/><U112/><E112/><V81/><F6/><N who="3" m="3351" /><G129/><T9/><D132/><U84/><E111/><V63/><F63/><W86/><G91/><T80/><D72/><U87/><E57/><V124/><F124/><W108/><G108/><T115/><D115/><U66/><E66/><V27/><F29/><N who="3" m="17623" /><G50/><T61/><D21/><U2/><E4/><V46/><F15/><W103/><G103/><T10/><D10/><U67/><E67/><V74/><REACH who="2" step="1"/><F79/><REACH who="2" ten="250,250,240,250" step="2"/><W16/><G16/><T52/><D61/><U51/><E30/><V99/><F99/><W123/><G123/><T118/><D118/><U53/><E0/><V18/><F18/><W11/><G11/><AGARI ba="0,1" hai="11,12,17,27,28,34,43,46,48,74,77,81,106,107" machi="11" ten="30,3900,0" yaku="1,1,7,1,52,1,53,0" doraHai="23" doraHaiUra="49" who="2" fromWho="3" sc="250,0,250,0,240,49,250,-39" /><INIT seed="1,0,0,4,0,104" ten="250,250,289,211" oya="1" hai0="103,27,120,50,59,64,19,38,100,70,76,44,30" hai1="21,135,40,124,3,71,51,25,52,6,43,101,98" hai2="81,114,16,14,8,18,91,48,125,84,17,20,11" hai3="45,96,41,106,90,2,12,69,37,36,0,77,26"/><U31/><E71/><V94/><F125/><W102/><G69/><T35/><D120/><U83/><E124/><V22/><F114/><W58/><G36/><T32/><D32/><U117/><E117/><V128/><F128/><W57/><G77/><T28/><D28/><U92/><E135/><V82/><F82/><W67/><G26/><T111/><D111/><U33/><E33/><V5/><F8/><W63/><G12/><T24/><D38/><U132/><E132/><V42/><REACH who="2" step="1"/><F81/><REACH who="2" ten="250,250,279,211" step="2"/><W74/><G2/><T10/><D10/><U89/><E3/><V46/><AGARI ba="0,1" hai="5,11,14,16,17,18,20,22,42,46,48,84,91,94" machi="46" ten="30,8000,1" yaku="1,1,2,1,0,1,8,1,54,1,53,0" doraHai="104" doraHaiUra="60" who="2" fromWho="2" sc="250,-20,250,-40,279,90,211,-20" /><INIT seed="2,0,0,2,0,93" ten="230,210,369,191" oya="2" hai0="34,95,87,115,10,120,6,119,73,18,8,71,127" hai1="0,59,124,117,81,3,65,29,57,37,72,40,64" hai2="53,85,42,84,130,88,27,33,30,83,12,31,11" hai3="22,98,36,63,50,66,43,13,78,38,133,89,44"/><V56/><F130/><W114/><G133/><T111/><D115/><U16/><E117/><V24/><F42/><W2/><G2/><T106/><D73/><U128/><E29/><V61/><F85/><W70/><G78/><T131/><D106/><U15/><E128/><V68/><F68/><W67/><G67/><T77/><D34/><U99/><E124/><V91/><F83/><W4/><G114/><T121/><D71/><U129/><E129/><V14/><F84/><W1/><G1/><T86/><D131/><U5/><E37/><V49/><F61/><W107/><G89/><T17/><D95/><U20/><E40/><V48/><F48/><W76/><G76/><T134/><D77/><U125/><E125/><V118/><F118/><W39/><G22/><T101/><D119/><U19/><E81/><V82/><F82/><W26/><G26/><T132/><D127/><U62/><E72/><V25/><F25/><W55/><G13/><T94/><D94/><U104/><E64/><V21/><REACH who="2" step="1"/><F14/><REACH who="2" ten="230,210,359,191" step="2"/><W74/><G74/><T96/><D86/><U135/><E0/><V75/><F75/><W58/><REACH who="3" step="1"/><G4/><AGARI ba="0,1" hai="4,11,12,21,24,27,30,31,33,49,53,56,88,91" machi="4" ten="30,5800,0" yaku="1,1,7,1,54,1,53,0" doraHai="93" doraHaiUra="90" who="2" fromWho="3" sc="230,0,210,0,359,68,191,-58" /><INIT seed="2,1,0,1,0,100" ten="230,210,427,133" oya="2" hai0="98,68,74,131,99,89,112,47,14,53,63,49,51" hai1="50,124,31,111,76,70,42,61,25,52,43,113,1" hai2="34,102,101,62,66,57,135,118,15,33,48,29,130" hai3="72,73,127,65,92,41,115,23,86,26,132,64,109"/><V13/><F118/><W108/><G132/><T87/><D112/><U45/><E113/><V117/><F117/><W78/><G115/><T7/><D74/><U2/><E111/><N who="3" m="42570" /><G41/><N who="0" m="24815" /><D68/><U110/><E110/><V80/><F130/><W79/><G127/><T121/><D63/><U55/><E76/><N who="3" m="29226" /><G92/><N who="0" m="54335" /><D121/><U32/><E124/><V97/><F102/><W16/><G86/><T94/><D94/><U75/><E75/><AGARI ba="1,0" hai="16,23,26,64,65,72,73,75" m="29226,42570" machi="75" ten="30,2000,0" yaku="14,1,54,1" doraHai="100" who="3" fromWho="1" sc="230,0,210,-23,427,0,133,23" /><INIT seed="3,0,0,3,3,37" ten="230,187,427,156" oya="3" hai0="3,59,48,12,116,33,107,87,65,39,92,120,45" hai1="63,21,54,127,51,11,78,42,126,17,70,75,72" hai2="109,30,46,7,97,131,96,130,103,90,79,108,26" hai3="58,81,95,85,24,40,135,52,128,100,22,5,117"/><W111/><G117/><T91/><D3/><U123/><E123/><V25/><F79/><N who="3" m="46271" /><G135/><T0/><D107/><U31/><E31/><V2/><F90/><W10/><G128/><N who="2" m="49193" /><F26/><W89/><G100/><T19/><D0/><U29/><E29/><V49/><F7/><W133/><G133/><T61/><D33/><U6/><E78/><V23/><F2/><W36/><G36/><T121/><D39/><U60/><E11/><V110/><F103/><W67/><G67/><T98/><D98/><U99/><E99/><V105/><F105/><W86/><G111/><T14/><D116/><U47/><E6/><V114/><F114/><W84/><G10/><T62/><D62/><U56/><E70/><V129/><F129/><W8/><G8/><T28/><D28/><U9/><E9/><V57/><F57/><W112/><G5/><T16/><D121/><U44/><E44/><V4/><F4/><W53/><G112/><T13/><D120/><U93/><E60/><V134/><F134/><W34/><G34/><T119/><D119/><U69/><E69/><V68/><F68/><W83/><G22/><T106/><D106/><U74/><REACH who="1" step="1"/><E93/><REACH who="1" ten="230,177,427,156" step="2"/><V38/><F108/><W132/><G132/><T43/><AGARI ba="0,1" hai="12,13,14,16,19,43,45,48,59,61,65,87,91,92" machi="43" ten="30,7900,0" yaku="0,1,8,1,52,1,54,1" doraHai="37" who="0" fromWho="0" sc="230,89,177,-20,427,-20,156,-39" /><INIT seed="4,0,0,2,1,7" ten="319,157,407,117" oya="0" hai0="107,62,23,52,18,29,105,35,100,57,80,45,88" hai1="58,90,103,74,110,55,131,63,75,30,123,117,50" hai2="46,41,27,83,86,19,113,8,72,9,14,22,129" hai3="54,4,20,65,111,122,6,64,128,108,96,38,2"/><T133/><D133/><U135/><E110/><V32/><F72/><W81/><G38/><T121/><D121/><U16/><E123/><V60/><F113/><W78/><G122/><T73/><D100/><U70/><E135/><V71/><F129/><W82/><G128/><T104/><D35/><U93/><E117/><V69/><F32/><W40/><G20/><T114/><D114/><U68/><E30/><V125/><F125/><W42/><G96/><T24/><D45/><U25/><E103/><V89/><F8/><W28/><G28/><T77/><REACH who="0" step="1"/><D88/><REACH who="0" ten="309,157,407,117" step="2"/><U102/><E102/><V49/><REACH who="2" step="1"/><F60/><REACH who="2" ten="309,157,397,117" step="2"/><W99/><G108/><T31/><AGARI ba="0,2" hai="18,23,24,29,31,52,57,62,73,77,80,104,105,107" machi="31" ten="40,12000,1" yaku="1,1,2,1,0,1,54,1,53,0" doraHai="7" doraHaiUra="130" who="0" fromWho="0" sc="309,140,157,-40,397,-40,117,-40" /><INIT seed="4,1,0,0,0,121" ten="449,117,357,77" oya="0" hai0="48,19,56,13,0,21,38,55,39,127,114,124,93" hai1="11,8,69,60,123,46,31,62,130,41,33,84,81" hai2="100,83,26,78,92,45,25,68,80,1,67,64,49" hai3="86,133,97,74,111,107,87,125,94,37,88,71,90"/><T135/><D114/><U9/><E123/><V27/><F1/><W106/><G71/><T89/><D135/><U51/><E130/><V77/><F100/><N who="3" m="60471" /><G37/><T16/><D0/><U105/><E105/><N who="3" m="39946" /><G133/><T66/><D66/><N who="2" m="25130" /><F92/><N who="3" m="54295" /><G125/><N who="0" m="48203" /><D19/><U23/><E69/><V126/><F68/><W24/><G24/><T82/><D82/><N who="2" m="31274" /><F126/><W134/><G134/><T35/><D35/><U113/><E33/><V14/><F14/><W72/><G111/><T120/><D120/><U34/><E34/><V119/><F119/><W65/><G65/><T129/><D129/><U108/><E108/><V131/><F131/><W30/><G30/><T40/><D40/><AGARI ba="1,0" hai="25,26,27,40,45,49,77,78" m="31274,25130" machi="40" ten="30,1000,0" yaku="8,1" doraHai="121" who="2" fromWho="0" sc="449,-13,117,0,357,13,77,0" /><INIT seed="5,0,0,1,0,81" ten="436,117,370,77" oya="1" hai0="62,119,11,12,78,72,67,44,89,58,113,73,123" hai1="84,45,125,97,31,42,16,13,102,24,23,36,90" hai2="93,127,66,109,70,53,69,54,115,57,99,135,34" hai3="61,83,1,107,51,77,38,80,0,28,101,40,75"/><U85/><E125/><V95/><F34/><W132/><G132/><T20/><D119/><U39/><E39/><V112/><F109/><W130/><G130/><T134/><D134/><U105/><REACH who="1" step="1"/><E90/><REACH who="1" ten="436,107,370,77" step="2"/><V46/><F127/><W120/><G38/><T114/><D89/><U47/><E47/><V74/><F46/><W100/><G120/><T88/><D123/><U87/><E87/><V111/><F135/><W98/><G101/><T124/><D124/><U26/><E26/><V96/><F111/><W37/><G37/><T79/><D44/><U41/><E41/><V59/><F66/><W18/><G40/><T30/><D88/><U49/><E49/><V63/><F63/><W108/><G108/><T10/><D62/><U25/><E25/><V35/><F35/><AGARI ba="0,1" hai="13,16,23,24,31,35,36,42,45,84,85,97,102,105" machi="35" ten="30,12000,1" yaku="1,1,7,1,52,2,54,1,53,0" doraHai="81" doraHaiUra="33" who="1" fromWho="2" sc="436,0,107,130,370,-120,77,0" /><INIT seed="5,1,0,1,3,30" ten="436,237,250,77" oya="1" hai0="133,65,52,57,71,26,123,124,119,61,66,132,42" hai1="7,11,87,28,47,9,44,0,107,131,60,77,79" hai2="121,126,102,10,108,129,115,101,18,58,50,88,100" hai3="54,68,22,19,4,135,49,14,31,55,29,13,82"/><U94/><E107/><V62/><F121/><W91/><G68/><T98/><D119/><U89/><E131/><V20/><F108/><W1/><G1/><T95/><D123/><U39/><E28/><N who="3" m="10826" /><G135/><N who="0" m="51787" /><D124/><U40/><E11/><V83/><F126/><W118/><G118/><T35/><D26/><U16/><E16/><V128/><F115/><W106/><G106/><T64/><D35/><U120/><E120/><V105/><F50/><W74/><G74/><T81/><D81/><U67/><REACH who="1" step="1"/><E44/><REACH who="1" ten="436,227,250,77" step="2"/><V72/><F10/><W41/><G19/><T24/><D24/><U109/><E109/><V112/><F105/><W34/><G4/><T130/><D130/><U51/><E51/><V90/><F129/><W104/><G49/><T99/><D61/><U38/><E38/><V32/><F128/><W70/><G104/><T78/><D71/><AGARI ba="1,1" hai="0,7,9,39,40,47,60,67,71,77,79,87,89,94" machi="71" ten="30,5800,0" yaku="1,1,7,1,53,1" doraHai="30" doraHaiUra="80" who="1" fromWho="0" sc="436,-61,227,71,250,0,77,0" /><INIT seed="5,2,0,3,1,66" ten="375,298,250,77" oya="1" hai0="62,9,98,35,135,96,42,5,74,55,81,63,101" hai1="131,18,86,67,115,79,70,57,91,117,133,52,110" hai2="24,3,71,59,80,119,128,11,113,0,4,64,82" hai3="89,26,65,129,88,28,30,120,41,19,44,85,20"/><U14/><E117/><V25/><F119/><W69/><G129/><T132/><D35/><U127/><E131/><V8/><F128/><W114/><G114/><T61/><D42/><U15/><E115/><V10/><F113/><W77/><G77/><N who="0" m="44215" /><D55/><U34/><E34/><V76/><F59/><W1/><G1/><N who="0" m="175" /><D101/><U27/><E110/><V31/><F80/><W112/><G120/><T13/><D13/><U40/><E40/><V108/><F108/><W87/><G112/><T32/><D32/><U106/><E79/><V36/><F36/><W90/><G65/><T29/><D29/><U94/><E106/><V50/><F50/><W6/><G6/><T78/><D78/><U104/><E104/><V122/><F122/><W130/><G130/><T102/><D102/><U23/><E127/><V49/><F49/><W48/><G69/><T109/><D109/><U105/><E105/><V123/><F123/><W60/><G60/><T134/><AGARI ba="2,0" hai="61,62,63,96,98,132,134,135" m="175,44215" machi="134" ten="40,1500,0" yaku="20,1" doraHai="66" who="0" fromWho="0" sc="375,21,298,-9,250,-6,77,-6" /><INIT seed="6,0,0,4,0,107" ten="396,289,244,71" oya="2" hai0="101,85,47,129,12,92,17,34,124,100,25,16,126" hai1="41,88,51,21,127,102,60,123,31,116,135,9,61" hai2="134,130,97,70,14,40,99,89,77,46,71,22,106" hai3="65,53,13,105,83,50,57,19,35,5,18,80,45"/><V113/><F113/><W110/><G110/><T76/><D129/><U42/><E116/><V132/><F130/><W64/><G105/><T1/><D1/><U112/><E112/><V8/><F22/><W10/><G35/><T111/><D111/><U56/><E102/><N who="0" m="39529" /><D47/><U63/><E127/><N who="0" m="48681" /><D12/><U131/><E131/><V33/><F33/><W3/><G19/><T87/><D92/><U93/><E123/><V96/><F89/><W7/><G7/><T55/><D55/><N who="1" m="31871" /><E9/><V73/><F106/><W74/><G45/><T29/><D87/><N who="1" m="52383" /><E135/><N who="2" m="51755" /><F14/><W26/><G26/><AGARI ba="0,0" hai="21,26,31,41,42,60,61,63" m="52383,31871" machi="26" ten="30,2000,0" yaku="8,1,54,1" doraHai="107" who="1" fromWho="3" sc="396,0,289,20,244,0,71,-20" /><INIT seed="7,0,0,2,0,74" ten="396,309,244,51" oya="3" hai0="131,59,9,94,27,68,29,11,34,78,117,4,18" hai1="77,15,129,109,1,112,106,42,128,31,113,75,84" hai2="111,121,123,48,91,135,12,107,85,45,126,2,43" hai3="3,16,86,80,57,50,89,49,72,127,63,26,21"/><W60/><G3/><T67/><D117/><U52/><E1/><V90/><F2/><W20/><G127/><T124/><D68/><U73/><E42/><V33/><F111/><W64/><G72/><T93/><D131/><N who="1" m="50251" /><E31/><V92/><F135/><W19/><REACH who="3" step="1"/><G60/><REACH who="3" ten="396,309,244,41" step="2"/><T54/><D124/><U83/><E75/><V10/><F126/><W87/><G87/><T35/><D35/><U47/><E84/><V41/><F33/><W100/><G100/><T134/><D34/><U114/><E73/><V53/><F121/><W102/><G102/><T120/><D134/><U101/><E101/><V122/><F123/><W5/><G5/><T38/><D4/><U58/><E113/><V13/><F122/><W119/><G119/><T30/><D120/><U65/><E112/><V6/><F6/><W39/><G39/><T95/><D38/><U115/><E115/><V61/><F61/><W25/><AGARI ba="0,1" hai="16,19,20,21,25,26,49,50,57,63,64,80,86,89" machi="25" ten="20,18000,2" yaku="1,1,0,1,7,1,9,1,8,1,54,1,53,0" doraHai="74" doraHaiUra="51" who="3" fromWho="3" sc="396,-60,309,-60,244,-60,41,190" /><INIT seed="7,1,0,5,1,124" ten="336,249,184,231" oya="3" hai0="93,56,13,83,54,107,80,82,10,53,33,76,36" hai1="121,70,7,92,115,111,21,105,26,128,88,24,131" hai2="81,30,101,109,25,40,27,6,86,71,48,60,44" hai3="19,119,74,97,64,125,28,134,51,130,39,45,87"/><W112/><G119/><T132/><D107/><U123/><E105/><V99/><F109/><W78/><G74/><T72/><D33/><U114/><E111/><V59/><F71/><W4/><G28/><T68/><D68/><U75/><E75/><V15/><F30/><W96/><G4/><T67/><D36/><U5/><E70/><V133/><F133/><W46/><G64/><T63/><D132/><U8/><E5/><V79/><F101/><W23/><G134/><T9/><D76/><U12/><E121/><V135/><F99/><W50/><G39/><T120/><D120/><U3/><E3/><V61/><F135/><W100/><G100/><T11/><D72/><U57/><E57/><V14/><F60/><W91/><G78/><T16/><D93/><U17/><E26/><V117/><F117/><W85/><G125/><T22/><AGARI ba="1,0" hai="9,10,11,13,16,22,53,54,56,63,67,80,82,83" machi="22" ten="30,4000,0" yaku="0,1,8,1,54,1" doraHai="124" who="0" fromWho="0" sc="336,43,249,-11,184,-11,231,-21" owari="379,48.0,238,4.0,173,-33.0,210,-19.0" /></mjloggm>